
<record>
  <leader>01164ccm a2200277 a 4500</leader>
  <controlfield tag="001">   00102748 </controlfield>
  <controlfield tag="003">DLC</controlfield>
  <controlfield tag="005">20010606104242.0</controlfield>
  <controlfield tag="008">010502s2000    nyusgz   hi         eng  </controlfield>
  <datafield tag="010" ind1=" " ind2=" ">
    <subfield code="a">   00102748 </subfield>
  </datafield>
  <datafield tag="020" ind1=" " ind2=" ">
    <subfield code="a">0786805625 (trade)</subfield>
  </datafield>
  <datafield tag="020" ind1=" " ind2=" ">
    <subfield code="a">0786824883 (lib. bdg.)</subfield>
  </datafield>
  <datafield tag="040" ind1=" " ind2=" ">
    <subfield code="a">DLC</subfield>
    <subfield code="c">DLC</subfield>
  </datafield>
  <datafield tag="050" ind1="0" ind2="0">
    <subfield code="a">M1997</subfield>
    <subfield code="b">.H964 2000</subfield>
  </datafield>
  <datafield tag="245" ind1="1" ind2="0">
    <subfield code="a">Hush songs :</subfield>
    <subfield code="b">African American lullabies /</subfield>
    <subfield code="c">[collected, edited, and with commentary by] Joyce Carol Thomas ; illustrations by Brenda Joysmith.</subfield>
  </datafield>
  <datafield tag="246" ind1="3" ind2="0">
    <subfield code="a">African American lullabies</subfield>
  </datafield>
  <datafield tag="250" ind1=" " ind2=" ">
    <subfield code="a">1st ed.</subfield>
  </datafield>
  <datafield tag="260" ind1=" " ind2=" ">
    <subfield code="a">New York :</subfield>
    <subfield code="b">Jump at the Sun,</subfield>
    <subfield code="c">c2000.</subfield>
  </datafield>
  <datafield tag="300" ind1=" " ind2=" ">
    <subfield code="a">44 p. of music :</subfield>
    <subfield code="b">col. ill. ;</subfield>
    <subfield code="c">24 cm.</subfield>
  </datafield>
  <datafield tag="500" ind1=" " ind2=" ">
    <subfield code="a">Principally unacc. melodies with chord symbols; one with keyboard acc.</subfield>
  </datafield>
  <datafield tag="505" ind1="0" ind2=" ">
    <subfield code="a">All the pretty little horses -- The angels&apos; lullaby -- Brown baby -- He&apos;s got the whole world in His hands -- The Lord&apos;s prayer -- Raisins and almonds -- Petal child -- Scarlet ribbons -- Somebody bigger than you and I -- A song for you.</subfield>
  </datafield>
  <datafield tag="650" ind1=" " ind2="0">
    <subfield code="a">Lullabies.</subfield>
  </datafield>
  <datafield tag="650" ind1=" " ind2="0">
    <subfield code="a">Children&apos;s songs.</subfield>
  </datafield>
  <datafield tag="650" ind1=" " ind2="0">
    <subfield code="a">African Americans</subfield>
    <subfield code="v">Music.</subfield>
  </datafield>
  <datafield tag="700" ind1="1" ind2=" ">
    <subfield code="a">Thomas, Joyce Carol.</subfield>
  </datafield>
  <datafield tag="700" ind1="1" ind2=" ">
    <subfield code="a">Joysmith, Brenda.</subfield>
    <subfield code="4">ill</subfield>
  </datafield>
</record>