
<record>
  <leader>00812ccm a2200229 a 4500</leader>
  <controlfield tag="001">   00103511 </controlfield>
  <controlfield tag="003">DLC</controlfield>
  <controlfield tag="005">20020717080940.0</controlfield>
  <controlfield tag="008">010420s2000    tnuhyg         n    eng  </controlfield>
  <datafield tag="010" ind1=" " ind2=" ">
    <subfield code="a">   00103511 </subfield>
  </datafield>
  <datafield tag="020" ind1=" " ind2=" ">
    <subfield code="a">1577361458</subfield>
  </datafield>
  <datafield tag="040" ind1=" " ind2=" ">
    <subfield code="a">DLC</subfield>
    <subfield code="c">DLC</subfield>
  </datafield>
  <datafield tag="043" ind1=" " ind2=" ">
    <subfield code="a">n-us-nj</subfield>
  </datafield>
  <datafield tag="050" ind1="0" ind2="0">
    <subfield code="a">M2127</subfield>
    <subfield code="b">O3 2000</subfield>
  </datafield>
  <datafield tag="245" ind1="0" ind2="0">
    <subfield code="a">Ocean Grove sings in the year of our Lord 2000 :</subfield>
    <subfield code="b">a collection of songs and choruses of the Ocean Grove Camp Meeting Association.</subfield>
  </datafield>
  <datafield tag="260" ind1=" " ind2=" ">
    <subfield code="a">Franklin, Tenn. :</subfield>
    <subfield code="b">Providence House Publishers,</subfield>
    <subfield code="c">c2000.</subfield>
  </datafield>
  <datafield tag="300" ind1=" " ind2=" ">
    <subfield code="a">1 close score (xiv, 259 p.) :</subfield>
    <subfield code="b">ill. ;</subfield>
    <subfield code="c">24 cm.</subfield>
  </datafield>
  <datafield tag="500" ind1=" " ind2=" ">
    <subfield code="a">Includes indexes.</subfield>
  </datafield>
  <datafield tag="610" ind1="2" ind2="0">
    <subfield code="a">Ocean Grove Camp Meeting Association</subfield>
    <subfield code="v">Hymns.</subfield>
  </datafield>
  <datafield tag="650" ind1=" " ind2="0">
    <subfield code="a">Hymns, English</subfield>
    <subfield code="z">New Jersey</subfield>
    <subfield code="z">Ocean Grove.</subfield>
  </datafield>
  <datafield tag="650" ind1=" " ind2="0">
    <subfield code="a">Methodist Church</subfield>
    <subfield code="v">Hymns.</subfield>
  </datafield>
  <datafield tag="710" ind1="2" ind2=" ">
    <subfield code="a">Ocean Grove Camp Meeting Association.</subfield>
  </datafield>
</record>