
<record>
  <leader>01822ccm a2200325 a 4500</leader>
  <controlfield tag="001">   00132463 </controlfield>
  <controlfield tag="003">DLC</controlfield>
  <controlfield tag="005">20070728080615.0</controlfield>
  <controlfield tag="008">010601t20001947maubda         n    eng d</controlfield>
  <datafield tag="010" ind1=" " ind2=" ">
    <subfield code="a">   00132463 </subfield>
  </datafield>
  <datafield tag="020" ind1=" " ind2=" ">
    <subfield code="a">0618071865</subfield>
  </datafield>
  <datafield tag="035" ind1=" " ind2=" ">
    <subfield code="a">(OCoLC)ocm44996911</subfield>
  </datafield>
  <datafield tag="040" ind1=" " ind2=" ">
    <subfield code="a">OWL</subfield>
    <subfield code="c">OWL</subfield>
    <subfield code="d">CPL</subfield>
    <subfield code="d">DLC</subfield>
  </datafield>
  <datafield tag="042" ind1=" " ind2=" ">
    <subfield code="a">lccopycat</subfield>
  </datafield>
  <datafield tag="043" ind1=" " ind2=" ">
    <subfield code="a">e-uk-en</subfield>
  </datafield>
  <datafield tag="050" ind1="0" ind2="0">
    <subfield code="a">M1740.C3</subfield>
    <subfield code="b">S6 2000</subfield>
  </datafield>
  <datafield tag="245" ind1="0" ind2="0">
    <subfield code="a">Song of Robin Hood /</subfield>
    <subfield code="c">selected &amp; edited by Anne Malcolmson ; music arranged by Grace Castagnetta ; designed &amp; illustrated by Virginia Lee Burton.</subfield>
  </datafield>
  <datafield tag="260" ind1=" " ind2=" ">
    <subfield code="a">Boston :</subfield>
    <subfield code="b">Houghton Mifflin,</subfield>
    <subfield code="c">[2000], c1947.</subfield>
  </datafield>
  <datafield tag="300" ind1=" " ind2=" ">
    <subfield code="a">1 score (123 p.) :</subfield>
    <subfield code="b">ill. ;</subfield>
    <subfield code="c">29 cm.</subfield>
  </datafield>
  <datafield tag="500" ind1=" " ind2=" ">
    <subfield code="a">For voice and piano.</subfield>
  </datafield>
  <datafield tag="505" ind1="0" ind2=" ">
    <subfield code="a">Robin Hood and Little John -- Robin Hood and the stranger -- Robin Hood and the tanner -- Robin Hood and the Prince of Aragon -- Robin Hood and the curtal friar -- Robin Hood and Allen a Dale -- Robin Hood and Maid Marian -- Robin Hood and the bishop -- Robin Hood and the butcher -- Robin Hood and the bold pedlar -- Robin Hood and Guy of Gisborne -- Robin Hood and the golden arrow -- Robin Hood and the ranger -- Robin Hood rescuing Will Stutly -- Robin Hood and the Bishop of Hereford -- Robin Hood&apos;s golden prize -- Robin Hood rescuing three squires -- Robin Hood&apos;s death.</subfield>
  </datafield>
  <datafield tag="650" ind1=" " ind2="0">
    <subfield code="a">Ballads, English</subfield>
    <subfield code="z">England.</subfield>
  </datafield>
  <datafield tag="650" ind1=" " ind2="0">
    <subfield code="a">Folk songs, English</subfield>
    <subfield code="z">England.</subfield>
  </datafield>
  <datafield tag="650" ind1=" " ind2="0">
    <subfield code="a">Folk music</subfield>
    <subfield code="z">England.</subfield>
  </datafield>
  <datafield tag="650" ind1=" " ind2="0">
    <subfield code="a">Robin Hood (Legendary character)</subfield>
    <subfield code="v">Songs and music.</subfield>
  </datafield>
  <datafield tag="700" ind1="1" ind2=" ">
    <subfield code="a">Malcolmson, Anne Burnett,</subfield>
    <subfield code="d">1910-</subfield>
  </datafield>
  <datafield tag="700" ind1="1" ind2=" ">
    <subfield code="a">Castagnetta, Grace,</subfield>
    <subfield code="d">1912-</subfield>
    <subfield code="4">arr</subfield>
  </datafield>
  <datafield tag="700" ind1="1" ind2=" ">
    <subfield code="a">Burton, Virginia Lee,</subfield>
    <subfield code="d">1909-1968.</subfield>
    <subfield code="4">ill.</subfield>
  </datafield>
  <datafield tag="856" ind1="4" ind2="2">
    <subfield code="3">Publisher description</subfield>
    <subfield code="u">http://www.loc.gov/catdir/description/hm021/00132463.html</subfield>
  </datafield>
  <datafield tag="856" ind1="4" ind2="2">
    <subfield code="3">Contributor biographical information</subfield>
    <subfield code="u">http://www.loc.gov/catdir/enhancements/fy0735/00132463-b.html</subfield>
  </datafield>
</record>