
<record>
  <leader>01177ccm a2200277 a 4500</leader>
  <controlfield tag="001">   00265576 </controlfield>
  <controlfield tag="003">DLC</controlfield>
  <controlfield tag="005">20000425105340.0</controlfield>
  <controlfield tag="008">000310r19991886nyusub         n         </controlfield>
  <datafield tag="010" ind1=" " ind2=" ">
    <subfield code="a">   00265576  </subfield>
  </datafield>
  <datafield tag="020" ind1=" " ind2=" ">
    <subfield code="a">0486406385</subfield>
  </datafield>
  <datafield tag="040" ind1=" " ind2=" ">
    <subfield code="a">DLC</subfield>
    <subfield code="c">DLC</subfield>
  </datafield>
  <datafield tag="050" ind1="0" ind2="0">
    <subfield code="a">M1003.H135</subfield>
    <subfield code="b">W43 1999</subfield>
  </datafield>
  <datafield tag="100" ind1="1" ind2=" ">
    <subfield code="a">Handel, George Frideric,</subfield>
    <subfield code="d">1685-1759.</subfield>
  </datafield>
  <datafield tag="245" ind1="0" ind2="0">
    <subfield code="a">Water music ;</subfield>
    <subfield code="b">and, Music for the royal fireworks /</subfield>
    <subfield code="c">George Frideric Handel ; from the Deutsche Händelgesellschaft edition edited by Friedrich Chrysander.</subfield>
  </datafield>
  <datafield tag="246" ind1="3" ind2=" ">
    <subfield code="a">Water music ; and, Music for the royal fireworks</subfield>
  </datafield>
  <datafield tag="260" ind1=" " ind2=" ">
    <subfield code="a">Mineola, N.Y. :</subfield>
    <subfield code="b">Dover,</subfield>
    <subfield code="c">1999.</subfield>
  </datafield>
  <datafield tag="300" ind1=" " ind2=" ">
    <subfield code="a">1 miniature score (86 p.) ;</subfield>
    <subfield code="c">22 cm.</subfield>
  </datafield>
  <datafield tag="440" ind1=" " ind2="0">
    <subfield code="a">Dover miniature scores.</subfield>
  </datafield>
  <datafield tag="500" ind1=" " ind2=" ">
    <subfield code="a">Suites; 1st work for orchestra, 2nd for band or orchestra.</subfield>
  </datafield>
  <datafield tag="500" ind1=" " ind2=" ">
    <subfield code="a">Reprint. Originally published: Leipzig : Deutsche Händelgesellschaft, 1886. (Georg Friedrich Händel&apos;s Werke ; v. 47).</subfield>
  </datafield>
  <datafield tag="650" ind1=" " ind2="0">
    <subfield code="a">Suites (Orchestra)</subfield>
    <subfield code="v">Scores.</subfield>
  </datafield>
  <datafield tag="650" ind1=" " ind2="0">
    <subfield code="a">Suites (Band)</subfield>
    <subfield code="v">Scores.</subfield>
  </datafield>
  <datafield tag="700" ind1="1" ind2=" ">
    <subfield code="a">Chrysander, Friedrich,</subfield>
    <subfield code="d">1826-1901.</subfield>
  </datafield>
  <datafield tag="700" ind1="1" ind2="2">
    <subfield code="a">Handel, George Frideric,</subfield>
    <subfield code="d">1685-1759.</subfield>
    <subfield code="t">Music for the royal fireworks.</subfield>
  </datafield>
  <datafield tag="740" ind1="0" ind2="2">
    <subfield code="a">Music for the royal fireworks.</subfield>
  </datafield>
</record>