
<record>
  <leader>00958ccm a2200325 a 4500</leader>
  <controlfield tag="001">   00270343 </controlfield>
  <controlfield tag="003">DLC</controlfield>
  <controlfield tag="005">20001023095030.0</controlfield>
  <controlfield tag="008">991211s1995    ne uua   h     n        d</controlfield>
  <datafield tag="010" ind1=" " ind2=" ">
    <subfield code="a">   00270343 </subfield>
  </datafield>
  <datafield tag="035" ind1=" " ind2=" ">
    <subfield code="a">(OCoLC)ocm44424059</subfield>
  </datafield>
  <datafield tag="040" ind1=" " ind2=" ">
    <subfield code="a">BUF</subfield>
    <subfield code="c">BUF</subfield>
    <subfield code="d">DLC</subfield>
  </datafield>
  <datafield tag="041" ind1="0" ind2=" ">
    <subfield code="g">dut</subfield>
  </datafield>
  <datafield tag="042" ind1=" " ind2=" ">
    <subfield code="a">lccopycat</subfield>
  </datafield>
  <datafield tag="045" ind1="2" ind2=" ">
    <subfield code="b">d1994</subfield>
    <subfield code="b">d1995</subfield>
  </datafield>
  <datafield tag="048" ind1=" " ind2=" ">
    <subfield code="a">eu</subfield>
  </datafield>
  <datafield tag="050" ind1="0" ind2="0">
    <subfield code="a">M1473.B65</subfield>
    <subfield code="b">K75 1995</subfield>
  </datafield>
  <datafield tag="100" ind1="1" ind2=" ">
    <subfield code="a">Boerman, Jan.</subfield>
  </datafield>
  <datafield tag="245" ind1="1" ind2="0">
    <subfield code="a">Kringloop I en II :</subfield>
    <subfield code="b">electronic music, 1994/1995 /</subfield>
    <subfield code="c">Jan Boerman</subfield>
  </datafield>
  <datafield tag="246" ind1="3" ind2=" ">
    <subfield code="a">Kringloop 1 en 2</subfield>
  </datafield>
  <datafield tag="246" ind1="3" ind2=" ">
    <subfield code="a">Kringloop een en twee</subfield>
  </datafield>
  <datafield tag="260" ind1=" " ind2=" ">
    <subfield code="a">Amsterdam :</subfield>
    <subfield code="b">Donemus,</subfield>
    <subfield code="c">c1995</subfield>
    <subfield code="g">(1998 printing)</subfield>
  </datafield>
  <datafield tag="300" ind1=" " ind2=" ">
    <subfield code="a">1 score (9 p.) ;</subfield>
    <subfield code="c">30 x 43 cm.</subfield>
  </datafield>
  <datafield tag="306" ind1=" " ind2=" ">
    <subfield code="a">003453</subfield>
  </datafield>
  <datafield tag="500" ind1=" " ind2=" ">
    <subfield code="a">Reproduced from holograph.</subfield>
  </datafield>
  <datafield tag="500" ind1=" " ind2=" ">
    <subfield code="a">Includes performance instructions in Dutch.</subfield>
  </datafield>
  <datafield tag="500" ind1=" " ind2=" ">
    <subfield code="a">Duration: 34:53.</subfield>
  </datafield>
  <datafield tag="650" ind1=" " ind2="0">
    <subfield code="a">Electronic music.</subfield>
  </datafield>
  <datafield tag="600" ind1="1" ind2="0">
    <subfield code="a">Boerman, Jan</subfield>
    <subfield code="v">Manuscripts</subfield>
    <subfield code="v">Facsimiles.</subfield>
  </datafield>
  <datafield tag="650" ind1=" " ind2="0">
    <subfield code="a">Music</subfield>
    <subfield code="v">Manuscripts</subfield>
    <subfield code="v">Facsimiles.</subfield>
  </datafield>
</record>