
<record>
  <leader>00729ccm a2200217 a 4500</leader>
  <controlfield tag="001">   00270344 </controlfield>
  <controlfield tag="003">DLC</controlfield>
  <controlfield tag="005">20010103145151.0</controlfield>
  <controlfield tag="008">991211s1998    ne uua|        nn ||     </controlfield>
  <datafield tag="010" ind1=" " ind2=" ">
    <subfield code="a">   00270344 </subfield>
  </datafield>
  <datafield tag="035" ind1=" " ind2=" ">
    <subfield code="a">(GyWOH)har005097940</subfield>
  </datafield>
  <datafield tag="040" ind1=" " ind2=" ">
    <subfield code="a">DLC</subfield>
    <subfield code="c">DLC</subfield>
  </datafield>
  <datafield tag="050" ind1="0" ind2="0">
    <subfield code="a">M1045.O738</subfield>
    <subfield code="b">P37 1998</subfield>
  </datafield>
  <datafield tag="100" ind1="1" ind2=" ">
    <subfield code="a">Oosten, Roel van.</subfield>
  </datafield>
  <datafield tag="245" ind1="1" ind2="0">
    <subfield code="a">Passages :</subfield>
    <subfield code="b">vier stukken voor orchestra, 1998 = four movements for orchestra /</subfield>
    <subfield code="c">Roel van Oosten.</subfield>
  </datafield>
  <datafield tag="260" ind1=" " ind2=" ">
    <subfield code="a">Amsterdam :</subfield>
    <subfield code="b">Donemus,</subfield>
    <subfield code="c">c1998.</subfield>
  </datafield>
  <datafield tag="300" ind1=" " ind2=" ">
    <subfield code="a">1 score (45 p.) ;</subfield>
    <subfield code="c">42 cm.</subfield>
  </datafield>
  <datafield tag="306" ind1=" " ind2=" ">
    <subfield code="a">001600</subfield>
  </datafield>
  <datafield tag="500" ind1=" " ind2=" ">
    <subfield code="a">Duration: ca. 16:00.</subfield>
  </datafield>
  <datafield tag="505" ind1="0" ind2=" ">
    <subfield code="a">Ontwakende stad = (The city awakes) -- Festival -- Nevel = (Haze) -- Marche Royale = (Royal march).</subfield>
  </datafield>
  <datafield tag="650" ind1=" " ind2="0">
    <subfield code="a">Orchestral music</subfield>
    <subfield code="v">Scores.</subfield>
  </datafield>
</record>