
<record>
  <leader>00784ccm a22002414a 4500</leader>
  <controlfield tag="001">   00270612 </controlfield>
  <controlfield tag="003">DLC</controlfield>
  <controlfield tag="005">20071003080418.0</controlfield>
  <controlfield tag="008">000105s1998    gw uua         n         </controlfield>
  <datafield tag="010" ind1=" " ind2=" ">
    <subfield code="a">   00270612 </subfield>
  </datafield>
  <datafield tag="028" ind1="3" ind2="0">
    <subfield code="a">292</subfield>
    <subfield code="b">Tre Media</subfield>
  </datafield>
  <datafield tag="028" ind1="2" ind2="2">
    <subfield code="a">TM 292 E</subfield>
    <subfield code="b">Tre Media</subfield>
  </datafield>
  <datafield tag="040" ind1=" " ind2=" ">
    <subfield code="a">DLC</subfield>
    <subfield code="c">DLC</subfield>
    <subfield code="d">DLC</subfield>
  </datafield>
  <datafield tag="042" ind1=" " ind2=" ">
    <subfield code="a">pcc</subfield>
  </datafield>
  <datafield tag="050" ind1="0" ind2="0">
    <subfield code="a">M221</subfield>
    <subfield code="b">.N</subfield>
  </datafield>
  <datafield tag="100" ind1="1" ind2=" ">
    <subfield code="a">Neidhöfer, Christoph,</subfield>
    <subfield code="d">1967-</subfield>
  </datafield>
  <datafield tag="245" ind1="1" ind2="0">
    <subfield code="a">Erfüllt von leiser Antwort :</subfield>
    <subfield code="b">für Violine und Klavier (1995) /</subfield>
    <subfield code="c">Christoph Neidhöfer.</subfield>
  </datafield>
  <datafield tag="260" ind1=" " ind2=" ">
    <subfield code="a">Karlsruhe :</subfield>
    <subfield code="b">Tre Media,</subfield>
    <subfield code="c">c1998.</subfield>
  </datafield>
  <datafield tag="300" ind1=" " ind2=" ">
    <subfield code="a">1 score (4 leaves) ;</subfield>
    <subfield code="c">42 cm.</subfield>
  </datafield>
  <datafield tag="500" ind1=" " ind2=" ">
    <subfield code="a">Publisher&apos;s no.: Tre Media Edition 292.</subfield>
  </datafield>
  <datafield tag="650" ind1=" " ind2="0">
    <subfield code="a">Violin and piano music.</subfield>
  </datafield>
  <datafield tag="600" ind1="1" ind2="0">
    <subfield code="a">Neidhöfer, Christoph,</subfield>
    <subfield code="d">1967-</subfield>
    <subfield code="x">Manuscripts</subfield>
    <subfield code="v">Facsimiles.</subfield>
  </datafield>
  <datafield tag="650" ind1=" " ind2="0">
    <subfield code="a">Music</subfield>
    <subfield code="v">Manuscripts</subfield>
    <subfield code="v">Facsimiles.</subfield>
  </datafield>
</record>