
<record>
  <leader>00486ccm a22001575a 4500</leader>
  <controlfield tag="001">   00270614 </controlfield>
  <controlfield tag="003">DLC</controlfield>
  <controlfield tag="005">20000104171750.0</controlfield>
  <controlfield tag="008">000104s1999    ne uu          n         </controlfield>
  <datafield tag="010" ind1=" " ind2=" ">
    <subfield code="a">   00270614 </subfield>
  </datafield>
  <datafield tag="028" ind1="2" ind2="2">
    <subfield code="a">TM 366 E</subfield>
    <subfield code="b">Tre Media</subfield>
  </datafield>
  <datafield tag="040" ind1=" " ind2=" ">
    <subfield code="a">DLC</subfield>
    <subfield code="c">DLC</subfield>
  </datafield>
  <datafield tag="100" ind1="1" ind2=" ">
    <subfield code="a">Bruttger, Thomas.</subfield>
  </datafield>
  <datafield tag="245" ind1="1" ind2="0">
    <subfield code="a">&quot;... wie auf einer Kreisbahn um den Punkt Null ...&quot; :</subfield>
    <subfield code="b">Nocturne für grosses Orchester, 1993/94 /</subfield>
    <subfield code="c">Thomas Bruttger.</subfield>
  </datafield>
  <datafield tag="260" ind1=" " ind2=" ">
    <subfield code="a">Karlsruhe :</subfield>
    <subfield code="b">Tre Media,</subfield>
    <subfield code="c">c1999.</subfield>
  </datafield>
  <datafield tag="300" ind1=" " ind2=" ">
    <subfield code="a">1 Score (72 p.)</subfield>
  </datafield>
</record>