
<record>
  <leader>00447ncm a22001695a 4500</leader>
  <controlfield tag="001">   00270615 </controlfield>
  <controlfield tag="003">DLC</controlfield>
  <controlfield tag="005">20000104172120.0</controlfield>
  <controlfield tag="008">000104s1999    ne uu          n         </controlfield>
  <datafield tag="010" ind1=" " ind2=" ">
    <subfield code="a">   00270615 </subfield>
  </datafield>
  <datafield tag="024" ind1="2" ind2=" ">
    <subfield code="a">M50010692</subfield>
  </datafield>
  <datafield tag="028" ind1="2" ind2="2">
    <subfield code="a">TM 357 E</subfield>
    <subfield code="b">Tre Media</subfield>
  </datafield>
  <datafield tag="040" ind1=" " ind2=" ">
    <subfield code="a">DLC</subfield>
    <subfield code="c">DLC</subfield>
  </datafield>
  <datafield tag="100" ind1="1" ind2=" ">
    <subfield code="a">Heider, Werner.</subfield>
  </datafield>
  <datafield tag="245" ind1="1" ind2="0">
    <subfield code="a">Traktat :</subfield>
    <subfield code="b">für Kontrabass solo /</subfield>
    <subfield code="c">Werner Heider.</subfield>
  </datafield>
  <datafield tag="260" ind1=" " ind2=" ">
    <subfield code="a">Karlsruhe :</subfield>
    <subfield code="b">Tre Media,</subfield>
    <subfield code="c">c1999.</subfield>
  </datafield>
  <datafield tag="300" ind1=" " ind2=" ">
    <subfield code="a">1 Score (5 leaves)</subfield>
  </datafield>
</record>