
<record>
  <leader>00569ccm a22001695a 4500</leader>
  <controlfield tag="001">   00270616 </controlfield>
  <controlfield tag="003">DLC</controlfield>
  <controlfield tag="005">20000105135821.0</controlfield>
  <controlfield tag="008">000104s1999    ne uu          n         </controlfield>
  <datafield tag="010" ind1=" " ind2=" ">
    <subfield code="a">   00270616 </subfield>
  </datafield>
  <datafield tag="024" ind1="2" ind2=" ">
    <subfield code="a">M500010784</subfield>
  </datafield>
  <datafield tag="028" ind1="2" ind2="2">
    <subfield code="a">TM 358 E</subfield>
    <subfield code="b">Tre Media</subfield>
  </datafield>
  <datafield tag="040" ind1=" " ind2=" ">
    <subfield code="a">DLC</subfield>
    <subfield code="c">DLC</subfield>
  </datafield>
  <datafield tag="100" ind1="1" ind2=" ">
    <subfield code="a">Bruttger, Thomas.</subfield>
  </datafield>
  <datafield tag="245" ind1="1" ind2="4">
    <subfield code="a">Der abgerissene Strick kann wieder geknotet werden. &quot;Er hält wieder, aber Er ist zerrissen.&quot; (B. Brecht) : für zwei präparierte Klaviere, 1979 /</subfield>
    <subfield code="c">Thomas Bruttger.</subfield>
  </datafield>
  <datafield tag="260" ind1=" " ind2=" ">
    <subfield code="a">Karlsruhe :</subfield>
    <subfield code="b">Tre Media,</subfield>
    <subfield code="c">c1999.</subfield>
  </datafield>
  <datafield tag="300" ind1=" " ind2=" ">
    <subfield code="a">1 Score (15 leaves)</subfield>
  </datafield>
</record>