
<record>
  <leader>00464ccm a22001695a 4500</leader>
  <controlfield tag="001">   00270617 </controlfield>
  <controlfield tag="003">DLC</controlfield>
  <controlfield tag="005">20000104170219.0</controlfield>
  <controlfield tag="008">000104s1999    ne uu          n         </controlfield>
  <datafield tag="010" ind1=" " ind2=" ">
    <subfield code="a">   00270617 </subfield>
  </datafield>
  <datafield tag="024" ind1="2" ind2=" ">
    <subfield code="a">M500010746</subfield>
  </datafield>
  <datafield tag="028" ind1="2" ind2="2">
    <subfield code="a">TM 398 E</subfield>
    <subfield code="b">Tre Media</subfield>
  </datafield>
  <datafield tag="040" ind1=" " ind2=" ">
    <subfield code="a">DLC</subfield>
    <subfield code="c">DLC</subfield>
  </datafield>
  <datafield tag="100" ind1="1" ind2=" ">
    <subfield code="a">Bruttger, Thomas</subfield>
  </datafield>
  <datafield tag="245" ind1="1" ind2="0">
    <subfield code="a">Circulation :</subfield>
    <subfield code="b">für vier Schlagzeuger, 1999 /</subfield>
    <subfield code="c">Thomas Bruttger.</subfield>
  </datafield>
  <datafield tag="260" ind1=" " ind2=" ">
    <subfield code="a">Karlsruhe :</subfield>
    <subfield code="b">Tre Media,</subfield>
    <subfield code="c">c1999.</subfield>
  </datafield>
  <datafield tag="300" ind1=" " ind2=" ">
    <subfield code="a">1 Score (19 leaves)</subfield>
  </datafield>
</record>