
<record>
  <leader>00936ccm a2200265 a 4500</leader>
  <controlfield tag="001">   00270619 </controlfield>
  <controlfield tag="003">DLC</controlfield>
  <controlfield tag="005">20000302103411.0</controlfield>
  <controlfield tag="008">000104s1998    ne opa         n    dut  </controlfield>
  <datafield tag="010" ind1=" " ind2=" ">
    <subfield code="a">   00270619 </subfield>
  </datafield>
  <datafield tag="040" ind1=" " ind2=" ">
    <subfield code="a">DLC</subfield>
    <subfield code="c">DLC</subfield>
  </datafield>
  <datafield tag="041" ind1="0" ind2=" ">
    <subfield code="a">duteng</subfield>
  </datafield>
  <datafield tag="050" ind1="0" ind2="0">
    <subfield code="a">M1500.M496</subfield>
    <subfield code="b">G47 1998</subfield>
  </datafield>
  <datafield tag="100" ind1="1" ind2=" ">
    <subfield code="a">Meijering, Chiel,</subfield>
    <subfield code="d">1954-</subfield>
  </datafield>
  <datafield tag="245" ind1="1" ind2="0">
    <subfield code="a">Gershwin in blue :</subfield>
    <subfield code="b">een semi-scenische opera in 2 aktes : 1998 /</subfield>
    <subfield code="c">Chiel Meijering ; Libretto, Lodewijk de Boer.</subfield>
  </datafield>
  <datafield tag="260" ind1=" " ind2=" ">
    <subfield code="a">Amsterdam :</subfield>
    <subfield code="b">Donemus,</subfield>
    <subfield code="c">c1998.</subfield>
  </datafield>
  <datafield tag="300" ind1=" " ind2=" ">
    <subfield code="a">1 score (2 v.) ;</subfield>
    <subfield code="c">42 cm.</subfield>
  </datafield>
  <datafield tag="306" ind1=" " ind2=" ">
    <subfield code="a">012000</subfield>
  </datafield>
  <datafield tag="500" ind1=" " ind2=" ">
    <subfield code="a">Accompaniment for saxophone quartet, bass guitar/double bass, percussion, and MIDI-piano.</subfield>
  </datafield>
  <datafield tag="546" ind1=" " ind2=" ">
    <subfield code="a">Libretto in Dutch (principally) and English.</subfield>
  </datafield>
  <datafield tag="500" ind1=" " ind2=" ">
    <subfield code="a">&quot;Music typesetting by the composer&quot;--T.p. verso.</subfield>
  </datafield>
  <datafield tag="500" ind1=" " ind2=" ">
    <subfield code="a">Duration: ca. 80:00.</subfield>
  </datafield>
  <datafield tag="650" ind1=" " ind2="0">
    <subfield code="a">Operas</subfield>
    <subfield code="v">Scores.</subfield>
  </datafield>
  <datafield tag="600" ind1="1" ind2="0">
    <subfield code="a">Gershwin, George,</subfield>
    <subfield code="d">1898-1937</subfield>
    <subfield code="v">Drama.</subfield>
  </datafield>
  <datafield tag="700" ind1="1" ind2=" ">
    <subfield code="a">Boer, Lodewijk de.</subfield>
    <subfield code="4">lbt</subfield>
  </datafield>
</record>