
<record>
  <leader>01471ccm a2200301 a 4500</leader>
  <controlfield tag="001">   00270620 </controlfield>
  <controlfield tag="003">DLC</controlfield>
  <controlfield tag="005">20130524080650.0</controlfield>
  <controlfield tag="008">000104s1999    gw sna         n         </controlfield>
  <datafield tag="010" ind1=" " ind2=" ">
    <subfield code="a">   00270620 </subfield>
  </datafield>
  <datafield tag="024" ind1="2" ind2=" ">
    <subfield code="a">M500002802</subfield>
  </datafield>
  <datafield tag="040" ind1=" " ind2=" ">
    <subfield code="a">DLC</subfield>
    <subfield code="c">DLC</subfield>
  </datafield>
  <datafield tag="050" ind1="0" ind2="0">
    <subfield code="a">M522.V45</subfield>
    <subfield code="b">S66 1999</subfield>
  </datafield>
  <datafield tag="100" ind1="1" ind2=" ">
    <subfield code="a">Vejvanovský, Pavel Josef,</subfield>
    <subfield code="d">approximately 1639-1693.</subfield>
  </datafield>
  <datafield tag="240" ind1="1" ind2="0">
    <subfield code="a">Sonatas,</subfield>
    <subfield code="m">trumpet, strings, continuo,</subfield>
    <subfield code="r">G minor</subfield>
  </datafield>
  <datafield tag="245" ind1="0" ind2="0">
    <subfield code="a">Sonata á 4 (be-mollis), (Natur-) Trompete, Streicher &amp; B.c. =</subfield>
    <subfield code="b">(natural) trumpet, strings &amp; b.c. /</subfield>
    <subfield code="c">Pavel Josef Vejvanovský ; edited &amp; arranged by Wolfgang G. Haas.</subfield>
  </datafield>
  <datafield tag="260" ind1=" " ind2=" ">
    <subfield code="a">Köln :</subfield>
    <subfield code="b">W.G. Haas,</subfield>
    <subfield code="c">c1999.</subfield>
  </datafield>
  <datafield tag="300" ind1=" " ind2=" ">
    <subfield code="a">1 score (12 p.) + 13 parts ;</subfield>
    <subfield code="c">30 cm.</subfield>
  </datafield>
  <datafield tag="490" ind1="1" ind2=" ">
    <subfield code="a">Tschechische Barockmusik : Musik am Hof des Bischofs Liechtenstein-Kastelkorn =</subfield>
    <subfield code="a">Czech baroque music ;</subfield>
    <subfield code="v">Nr. 2</subfield>
  </datafield>
  <datafield tag="500" ind1=" " ind2=" ">
    <subfield code="a">For trumpet/oboe, 2 violins, viola, and continuo; figured bass realized for keyboard instrument; includes parts for keyboard and violoncello/double bass.</subfield>
  </datafield>
  <datafield tag="500" ind1=" " ind2=" ">
    <subfield code="a">Cover title.</subfield>
  </datafield>
  <datafield tag="500" ind1=" " ind2=" ">
    <subfield code="a">&quot;Europäische Musi[k]: Tschechien, Kremsier.&quot;</subfield>
  </datafield>
  <datafield tag="500" ind1=" " ind2=" ">
    <subfield code="a">Edited from ms. B IV 43 in Scholoss-Archiv in Kremsier (Kromeríz).</subfield>
  </datafield>
  <datafield tag="500" ind1=" " ind2=" ">
    <subfield code="a">Parts printed back-to-back (except continuo part).</subfield>
  </datafield>
  <datafield tag="650" ind1=" " ind2="0">
    <subfield code="a">Quintets (Trumpet, violins (2), viola, continuo)</subfield>
    <subfield code="v">Scores and parts.</subfield>
  </datafield>
  <datafield tag="650" ind1=" " ind2="0">
    <subfield code="a">Quintets (Oboe, violins (2), viola, continuo)</subfield>
    <subfield code="v">Scores and parts.</subfield>
  </datafield>
  <datafield tag="700" ind1="1" ind2=" ">
    <subfield code="a">Haas, Wolfgang G.</subfield>
  </datafield>
  <datafield tag="830" ind1=" " ind2="0">
    <subfield code="a">Tschechische Barockmusik ;</subfield>
    <subfield code="v">Nr. 2.</subfield>
  </datafield>
</record>