
<record>
  <leader>01360ccm a2200289 a 4500</leader>
  <controlfield tag="001">   00270621 </controlfield>
  <controlfield tag="003">DLC</controlfield>
  <controlfield tag="005">20130524080650.0</controlfield>
  <controlfield tag="008">000104s1999    gw sna         n         </controlfield>
  <datafield tag="010" ind1=" " ind2=" ">
    <subfield code="a">   00270621 </subfield>
  </datafield>
  <datafield tag="024" ind1="2" ind2=" ">
    <subfield code="a">M500008729</subfield>
  </datafield>
  <datafield tag="040" ind1=" " ind2=" ">
    <subfield code="a">DLC</subfield>
    <subfield code="c">DLC</subfield>
  </datafield>
  <datafield tag="050" ind1="0" ind2="0">
    <subfield code="a">M722.V45</subfield>
    <subfield code="b">S68 1999</subfield>
  </datafield>
  <datafield tag="100" ind1="1" ind2=" ">
    <subfield code="a">Vejvanovský, Pavel Josef,</subfield>
    <subfield code="d">approximately 1639-1693.</subfield>
  </datafield>
  <datafield tag="245" ind1="1" ind2="0">
    <subfield code="a">Sonata venatoria :</subfield>
    <subfield code="b">Jäger-Sonate : 2 (Natur-) Trompete, Streicher &amp; B.c. = 2 (natural) trumpet[s], strings &amp; b.c. /</subfield>
    <subfield code="c">Pavel Josef Vejvanovský ; edited &amp; arranged by Wolfgang G. Haas.</subfield>
  </datafield>
  <datafield tag="246" ind1="3" ind2="1">
    <subfield code="a">Jäger-Sonate</subfield>
  </datafield>
  <datafield tag="260" ind1=" " ind2=" ">
    <subfield code="a">Köln :</subfield>
    <subfield code="b">W.G. Haas,</subfield>
    <subfield code="c">c1999.</subfield>
  </datafield>
  <datafield tag="300" ind1=" " ind2=" ">
    <subfield code="a">1 score (16 p.) + 14 parts ;</subfield>
    <subfield code="c">30 cm.</subfield>
  </datafield>
  <datafield tag="490" ind1="1" ind2=" ">
    <subfield code="a">Tschechische Barockmusik : Musik am Hof des Bischofs Liechtenstein-Kastelkorn =</subfield>
    <subfield code="a">Czech baroque music ;</subfield>
    <subfield code="v">Nr. 5</subfield>
  </datafield>
  <datafield tag="500" ind1=" " ind2=" ">
    <subfield code="a">Figured bass realized for keyboard instrument; includes parts for keyboard and double bass.</subfield>
  </datafield>
  <datafield tag="500" ind1=" " ind2=" ">
    <subfield code="a">Cover title.</subfield>
  </datafield>
  <datafield tag="500" ind1=" " ind2=" ">
    <subfield code="a">&quot;Europäische Musi[k]: Tschechien, Kremsier.&quot;</subfield>
  </datafield>
  <datafield tag="500" ind1=" " ind2=" ">
    <subfield code="a">Edited from ms. B IV 199 in Schlossarchiv Kremsier (Kromeríz).</subfield>
  </datafield>
  <datafield tag="500" ind1=" " ind2=" ">
    <subfield code="a">Parts bound together, in part printed back-to-back; trumpet parts printed in score format.</subfield>
  </datafield>
  <datafield tag="650" ind1=" " ind2="0">
    <subfield code="a">Septets (Trumpets (2), violins (2), viola, cello, continuo)</subfield>
    <subfield code="v">Scores and parts.</subfield>
  </datafield>
  <datafield tag="700" ind1="1" ind2=" ">
    <subfield code="a">Haas, Wolfgang G.</subfield>
  </datafield>
  <datafield tag="830" ind1=" " ind2="0">
    <subfield code="a">Tschechische Barockmusik ;</subfield>
    <subfield code="v">Nr. 5.</subfield>
  </datafield>
</record>