
<record>
  <leader>00702ccm a2200229 a 4500</leader>
  <controlfield tag="001">   00270622 </controlfield>
  <controlfield tag="003">DLC</controlfield>
  <controlfield tag="005">20070113080353.0</controlfield>
  <controlfield tag="008">990324s1998    enkuuz         n        d</controlfield>
  <datafield tag="010" ind1=" " ind2=" ">
    <subfield code="a">   00270622 </subfield>
  </datafield>
  <datafield tag="028" ind1="3" ind2="2">
    <subfield code="a">327</subfield>
    <subfield code="b">Emerson Edition</subfield>
  </datafield>
  <datafield tag="035" ind1=" " ind2=" ">
    <subfield code="a">(OCoLC)ocm41029925</subfield>
  </datafield>
  <datafield tag="040" ind1=" " ind2=" ">
    <subfield code="a">CIN</subfield>
    <subfield code="c">CIN</subfield>
    <subfield code="d">DLC</subfield>
  </datafield>
  <datafield tag="042" ind1=" " ind2=" ">
    <subfield code="a">lccopycat</subfield>
  </datafield>
  <datafield tag="050" ind1="0" ind2="0">
    <subfield code="a">M77</subfield>
    <subfield code="b">.J</subfield>
  </datafield>
  <datafield tag="100" ind1="1" ind2=" ">
    <subfield code="a">Josephs, Wilfred,</subfield>
    <subfield code="d">1927-1997.</subfield>
  </datafield>
  <datafield tag="245" ind1="1" ind2="0">
    <subfield code="a">Mr. Bumble takes a wife :</subfield>
    <subfield code="b">opus 180 for bassoon solo /</subfield>
    <subfield code="c">Wilfred Josephs.</subfield>
  </datafield>
  <datafield tag="260" ind1=" " ind2=" ">
    <subfield code="a">Ampleforth, England :</subfield>
    <subfield code="b">Emerson Edition,</subfield>
    <subfield code="c">c1998.</subfield>
  </datafield>
  <datafield tag="300" ind1=" " ind2=" ">
    <subfield code="a">3 p. of music ;</subfield>
    <subfield code="c">28 cm.</subfield>
  </datafield>
  <datafield tag="500" ind1=" " ind2=" ">
    <subfield code="a">Caption title.</subfield>
  </datafield>
  <datafield tag="505" ind1="0" ind2=" ">
    <subfield code="a">A sad song -- A happy song -- Mr. Bumble takes a wife.</subfield>
  </datafield>
  <datafield tag="650" ind1=" " ind2="0">
    <subfield code="a">Bassoon music.</subfield>
  </datafield>
</record>