
<record>
  <leader>01430ccm a2200301 a 4500</leader>
  <controlfield tag="001">   00270623 </controlfield>
  <controlfield tag="003">DLC</controlfield>
  <controlfield tag="005">20130524080650.0</controlfield>
  <controlfield tag="008">000104s1999    gw dva         n         </controlfield>
  <datafield tag="010" ind1=" " ind2=" ">
    <subfield code="a">   00270623 </subfield>
  </datafield>
  <datafield tag="024" ind1="2" ind2=" ">
    <subfield code="a">M500008880</subfield>
  </datafield>
  <datafield tag="040" ind1=" " ind2=" ">
    <subfield code="a">DLC</subfield>
    <subfield code="c">DLC</subfield>
  </datafield>
  <datafield tag="050" ind1="0" ind2="0">
    <subfield code="a">M622.V44</subfield>
    <subfield code="b">S47 1999</subfield>
  </datafield>
  <datafield tag="100" ind1="1" ind2=" ">
    <subfield code="a">Vejvanovský, Pavel Josef,</subfield>
    <subfield code="d">approximately 1639-1693.</subfield>
  </datafield>
  <datafield tag="240" ind1="1" ind2="0">
    <subfield code="a">Serenade,</subfield>
    <subfield code="m">trumpets (2), strings, continuo,</subfield>
    <subfield code="r">C major</subfield>
  </datafield>
  <datafield tag="245" ind1="0" ind2="0">
    <subfield code="a">Serenada, 2 (Natur-) Trompeten, Streicher &amp; B.c. =</subfield>
    <subfield code="b">2 (natural) trumpets, strings &amp; b.c. /</subfield>
    <subfield code="c">Pavel Josef Vejvanovský ; edited &amp; arranged by Wolfgang G. Haas.</subfield>
  </datafield>
  <datafield tag="246" ind1="1" ind2="6">
    <subfield code="a">Sonata da camera</subfield>
  </datafield>
  <datafield tag="260" ind1=" " ind2=" ">
    <subfield code="a">Köln :</subfield>
    <subfield code="b">Haas,</subfield>
    <subfield code="c">c1999.</subfield>
  </datafield>
  <datafield tag="300" ind1=" " ind2=" ">
    <subfield code="a">1 score (17 p.) + 13 parts ;</subfield>
    <subfield code="c">30 cm.</subfield>
  </datafield>
  <datafield tag="490" ind1="1" ind2=" ">
    <subfield code="a">Tschechische Barockmusik : Musik am Hof des Bischofs Liechtenstein-Kastelkorn =</subfield>
    <subfield code="a">Czech baroque music ;</subfield>
    <subfield code="v">Nr. 3</subfield>
  </datafield>
  <datafield tag="500" ind1=" " ind2=" ">
    <subfield code="a">Figured bass realized for keyboard instrument; includes parts for keyboard and double bass/violoncello.</subfield>
  </datafield>
  <datafield tag="500" ind1=" " ind2=" ">
    <subfield code="a">Cover title.</subfield>
  </datafield>
  <datafield tag="500" ind1=" " ind2=" ">
    <subfield code="a">&quot;Europäische Musi[k]: Tschechien, Kremsier.&quot;</subfield>
  </datafield>
  <datafield tag="500" ind1=" " ind2=" ">
    <subfield code="a">Edited from ms. B XVI 91 in Schlossarchiv Kremsier (Kromeríz) and ms. J42-II in Mährisches Museum in Brünn.</subfield>
  </datafield>
  <datafield tag="500" ind1=" " ind2=" ">
    <subfield code="a">In part printed back-to-back; trumpet parts printed in score format.</subfield>
  </datafield>
  <datafield tag="650" ind1=" " ind2="0">
    <subfield code="a">Suites (Trumpets (2), violins (2), viola, continuo)</subfield>
    <subfield code="v">Scores and parts.</subfield>
  </datafield>
  <datafield tag="700" ind1="1" ind2=" ">
    <subfield code="a">Haas, Wolfgang G.</subfield>
  </datafield>
  <datafield tag="830" ind1=" " ind2="0">
    <subfield code="a">Tschechische Barockmusik ;</subfield>
    <subfield code="v">Nr. 3.</subfield>
  </datafield>
</record>