
<record>
  <leader>00833ccm a2200265 a 4500</leader>
  <controlfield tag="001">   00270625 </controlfield>
  <controlfield tag="003">DLC</controlfield>
  <controlfield tag="005">20070113080353.0</controlfield>
  <controlfield tag="008">990324s1998    enkdfz         n        d</controlfield>
  <datafield tag="010" ind1=" " ind2=" ">
    <subfield code="a">   00270625 </subfield>
  </datafield>
  <datafield tag="028" ind1="3" ind2="2">
    <subfield code="a">326</subfield>
    <subfield code="b">Emerson Edition</subfield>
  </datafield>
  <datafield tag="035" ind1=" " ind2=" ">
    <subfield code="a">(OCoLC)ocm41029903</subfield>
  </datafield>
  <datafield tag="040" ind1=" " ind2=" ">
    <subfield code="a">CIN</subfield>
    <subfield code="c">CIN</subfield>
    <subfield code="d">OBE</subfield>
    <subfield code="d">OCLCQ</subfield>
    <subfield code="d">DLC</subfield>
  </datafield>
  <datafield tag="042" ind1=" " ind2=" ">
    <subfield code="a">lccopycat</subfield>
  </datafield>
  <datafield tag="050" ind1="0" ind2="0">
    <subfield code="a">M67</subfield>
    <subfield code="b">.J</subfield>
  </datafield>
  <datafield tag="100" ind1="1" ind2=" ">
    <subfield code="a">Josephs, Wilfred,</subfield>
    <subfield code="d">1927-1997.</subfield>
  </datafield>
  <datafield tag="240" ind1="1" ind2="0">
    <subfield code="a">Waltzes and a foxtrot,</subfield>
    <subfield code="m">oboe</subfield>
  </datafield>
  <datafield tag="245" ind1="0" ind2="0">
    <subfield code="a">Three waltzes and a foxtrot :</subfield>
    <subfield code="b">oboe solo /</subfield>
    <subfield code="c">Wilfred Josephs.</subfield>
  </datafield>
  <datafield tag="260" ind1=" " ind2=" ">
    <subfield code="a">Ampleforth, North Yorkshire, England :</subfield>
    <subfield code="b">Emerson Edition,</subfield>
    <subfield code="c">c1998.</subfield>
  </datafield>
  <datafield tag="300" ind1=" " ind2=" ">
    <subfield code="a">5 p. of music ;</subfield>
    <subfield code="c">28 cm.</subfield>
  </datafield>
  <datafield tag="500" ind1=" " ind2=" ">
    <subfield code="a">Cover title.</subfield>
  </datafield>
  <datafield tag="505" ind1="0" ind2=" ">
    <subfield code="a">That not impossible &quot;she&quot; -- Country waltz -- Fox on the trot -- Valse lente.</subfield>
  </datafield>
  <datafield tag="650" ind1=" " ind2="0">
    <subfield code="a">Oboe music.</subfield>
  </datafield>
  <datafield tag="650" ind1=" " ind2="0">
    <subfield code="a">Waltzes.</subfield>
  </datafield>
  <datafield tag="650" ind1=" " ind2="0">
    <subfield code="a">Foxtrots.</subfield>
  </datafield>
</record>