
<record>
  <leader>02007cjm a2200457 a 4500</leader>
  <controlfield tag="001">   00271826 </controlfield>
  <controlfield tag="003">DLC</controlfield>
  <controlfield tag="005">20010319132424.0</controlfield>
  <controlfield tag="007">sd||s|bnnmp|ed</controlfield>
  <controlfield tag="008">991104s1998    miusn|   eh              </controlfield>
  <datafield tag="010" ind1=" " ind2=" ">
    <subfield code="a">   00271826 </subfield>
  </datafield>
  <datafield tag="024" ind1="1" ind2=" ">
    <subfield code="a">794055001029</subfield>
  </datafield>
  <datafield tag="028" ind1="0" ind2="2">
    <subfield code="a">EQ10</subfield>
    <subfield code="b">Equilibrium</subfield>
  </datafield>
  <datafield tag="040" ind1=" " ind2=" ">
    <subfield code="a">DLC</subfield>
    <subfield code="c">DLC</subfield>
  </datafield>
  <datafield tag="041" ind1="0" ind2=" ">
    <subfield code="g">eng</subfield>
  </datafield>
  <datafield tag="050" ind1="0" ind2="0">
    <subfield code="a">SDA 24445</subfield>
  </datafield>
  <datafield tag="100" ind1="1" ind2=" ">
    <subfield code="a">Hindemith, Paul,</subfield>
    <subfield code="d">1895-1963.</subfield>
  </datafield>
  <datafield tag="240" ind1="1" ind2="0">
    <subfield code="a">Sonatas.</subfield>
    <subfield code="k">Selections</subfield>
  </datafield>
  <datafield tag="245" ind1="0" ind2="0">
    <subfield code="a">Sonatas, brass instruments and piano</subfield>
    <subfield code="h">[sound recording] /</subfield>
    <subfield code="c">Paul Hindemith.</subfield>
  </datafield>
  <datafield tag="260" ind1=" " ind2=" ">
    <subfield code="a">Dexter, MI :</subfield>
    <subfield code="b">Equilibrium,</subfield>
    <subfield code="c">p1998.</subfield>
  </datafield>
  <datafield tag="300" ind1=" " ind2=" ">
    <subfield code="a">1 sound disc :</subfield>
    <subfield code="b">digital ;</subfield>
    <subfield code="c">4 3/4 in.</subfield>
  </datafield>
  <datafield tag="511" ind1="0" ind2=" ">
    <subfield code="a">Charles Daval, trumpet, Siglind Bruhn, piano (1st work); Bryan Kennedy, horn, Siglind Bruhn, piano (2nd work); Charles Daval, alto horn, Robert Conway, piano (3rd work); H. Dennis Smith, trombone, Anton Nel, piano (4th work); Fritz Kaenzig, tuba, Siglind Bruhn, piano (5th work).</subfield>
  </datafield>
  <datafield tag="500" ind1=" " ind2=" ">
    <subfield code="a">Program notes by Siglind Bruhn inserted in container.</subfield>
  </datafield>
  <datafield tag="505" ind1="0" ind2=" ">
    <subfield code="a">Trumpet and piano (1939) -- Horn in F and piano (1939) -- Alto horn (or saxophone) and piano (1943) -- Trombone and piano (1941) -- Tuba and piano (1955).</subfield>
  </datafield>
  <datafield tag="650" ind1=" " ind2="0">
    <subfield code="a">Sonatas (Trumpet and piano)</subfield>
  </datafield>
  <datafield tag="650" ind1=" " ind2="0">
    <subfield code="a">Sonatas (Horn and piano)</subfield>
  </datafield>
  <datafield tag="650" ind1=" " ind2="0">
    <subfield code="a">Sonatas (Alto horn and piano)</subfield>
  </datafield>
  <datafield tag="650" ind1=" " ind2="0">
    <subfield code="a">Sonatas (Trombone and piano)</subfield>
  </datafield>
  <datafield tag="650" ind1=" " ind2="0">
    <subfield code="a">Sonatas (Tuba and piano)</subfield>
  </datafield>
  <datafield tag="700" ind1="1" ind2=" ">
    <subfield code="a">Daval, Charles.</subfield>
    <subfield code="4">prf</subfield>
  </datafield>
  <datafield tag="700" ind1="1" ind2=" ">
    <subfield code="a">Bruhn, Siglind.</subfield>
    <subfield code="4">prf</subfield>
  </datafield>
  <datafield tag="700" ind1="1" ind2=" ">
    <subfield code="a">Kennedy, Bryan,</subfield>
    <subfield code="d">1955-</subfield>
    <subfield code="4">prf</subfield>
  </datafield>
  <datafield tag="700" ind1="1" ind2=" ">
    <subfield code="a">Conway, Robert,</subfield>
    <subfield code="d">1955-</subfield>
    <subfield code="4">prf</subfield>
  </datafield>
  <datafield tag="700" ind1="1" ind2=" ">
    <subfield code="a">Smith, Dennis</subfield>
    <subfield code="q">(H. Dennis)</subfield>
    <subfield code="4">prf</subfield>
  </datafield>
  <datafield tag="700" ind1="1" ind2=" ">
    <subfield code="a">Nel, Anton.</subfield>
    <subfield code="4">prf</subfield>
  </datafield>
  <datafield tag="700" ind1="1" ind2=" ">
    <subfield code="a">Kaenzig, Fritz.</subfield>
    <subfield code="4">prf</subfield>
  </datafield>
  <datafield tag="700" ind1="1" ind2="2">
    <subfield code="a">Hindemith, Paul,</subfield>
    <subfield code="d">1895-1963.</subfield>
    <subfield code="t">Sonatas,</subfield>
    <subfield code="m">trumpet, piano.</subfield>
  </datafield>
  <datafield tag="700" ind1="1" ind2="2">
    <subfield code="a">Hindemith, Paul,</subfield>
    <subfield code="d">1895-1963.</subfield>
    <subfield code="t">Sonatas,</subfield>
    <subfield code="m">horn, piano.</subfield>
  </datafield>
  <datafield tag="700" ind1="1" ind2="2">
    <subfield code="a">Hindemith, Paul,</subfield>
    <subfield code="d">1895-1963.</subfield>
    <subfield code="t">Sonatas,</subfield>
    <subfield code="m">alto horn, piano.</subfield>
  </datafield>
  <datafield tag="700" ind1="1" ind2="2">
    <subfield code="a">Hindemith, Paul,</subfield>
    <subfield code="d">1895-1963.</subfield>
    <subfield code="t">Sonatas,</subfield>
    <subfield code="m">trombone, piano.</subfield>
  </datafield>
  <datafield tag="700" ind1="1" ind2="2">
    <subfield code="a">Hindemith, Paul,</subfield>
    <subfield code="d">1895-1963.</subfield>
    <subfield code="t">Sonatas,</subfield>
    <subfield code="m">tuba, piano.</subfield>
  </datafield>
</record>