
<record>
  <leader>01965cjm a2200457 a 4500</leader>
  <controlfield tag="001">   00271829 </controlfield>
  <controlfield tag="003">DLC</controlfield>
  <controlfield tag="005">20010312090333.0</controlfield>
  <controlfield tag="007">sd|fsngnnmmned</controlfield>
  <controlfield tag="008">991104s1998    miusnn   hz              </controlfield>
  <datafield tag="010" ind1=" " ind2=" ">
    <subfield code="a">   00271829 </subfield>
  </datafield>
  <datafield tag="024" ind1="1" ind2=" ">
    <subfield code="a">794055000923</subfield>
  </datafield>
  <datafield tag="028" ind1="0" ind2="2">
    <subfield code="a">EQ9</subfield>
    <subfield code="b">Equilibrium</subfield>
  </datafield>
  <datafield tag="040" ind1=" " ind2=" ">
    <subfield code="a">DLC</subfield>
    <subfield code="c">DLC</subfield>
  </datafield>
  <datafield tag="041" ind1="0" ind2=" ">
    <subfield code="g">eng</subfield>
  </datafield>
  <datafield tag="050" ind1="0" ind2="0">
    <subfield code="a">SDA 24442</subfield>
  </datafield>
  <datafield tag="100" ind1="1" ind2=" ">
    <subfield code="a">Hindemith, Paul,</subfield>
    <subfield code="d">1895-1963.</subfield>
  </datafield>
  <datafield tag="240" ind1="1" ind2="0">
    <subfield code="a">Sonatas.</subfield>
    <subfield code="k">Selections</subfield>
  </datafield>
  <datafield tag="245" ind1="0" ind2="0">
    <subfield code="a">Sonatas, woodwind instruments and piano</subfield>
    <subfield code="h">[sound recording] /</subfield>
    <subfield code="c">Paul Hindemith.</subfield>
  </datafield>
  <datafield tag="260" ind1=" " ind2=" ">
    <subfield code="a">Dexter, MI :</subfield>
    <subfield code="b">Equilibrium,</subfield>
    <subfield code="c">p1998.</subfield>
  </datafield>
  <datafield tag="300" ind1=" " ind2=" ">
    <subfield code="a">1 sound disc :</subfield>
    <subfield code="b">digital ;</subfield>
    <subfield code="c">4 3/4 in.</subfield>
  </datafield>
  <datafield tag="511" ind1="0" ind2=" ">
    <subfield code="a">Leone Buyse, flute, Siglind Bruhn, piano (1st work); Harry Sargous, oboe, Siglind Bruhn, piano (2nd work); Fred Ormand, clarinet, Anton Nel, piano (3rd work); Harry Sargous, English horn, Anton Nel, piano (4th work); Richard Beene, bassoon, Siglind Bruhn, piano (5th work).</subfield>
  </datafield>
  <datafield tag="500" ind1=" " ind2=" ">
    <subfield code="a">Compact disc.</subfield>
  </datafield>
  <datafield tag="500" ind1=" " ind2=" ">
    <subfield code="a">Program notes by Siglind Bruhn inserted in container.</subfield>
  </datafield>
  <datafield tag="505" ind1="0" ind2=" ">
    <subfield code="a">Flute and piano (1936) -- Oboe and piano (1938) -- Clarinet and piano (1939) -- English horn and piano (1941) -- Bassoon and piano (1938)</subfield>
  </datafield>
  <datafield tag="650" ind1=" " ind2="0">
    <subfield code="a">Sonatas (Flute and piano)</subfield>
  </datafield>
  <datafield tag="650" ind1=" " ind2="0">
    <subfield code="a">Sonatas (Oboe and piano)</subfield>
  </datafield>
  <datafield tag="650" ind1=" " ind2="0">
    <subfield code="a">Sonatas (Clarinet and piano)</subfield>
  </datafield>
  <datafield tag="650" ind1=" " ind2="0">
    <subfield code="a">Sonatas (English horn and piano)</subfield>
  </datafield>
  <datafield tag="650" ind1=" " ind2="0">
    <subfield code="a">Sonatas (Bassoon and piano)</subfield>
  </datafield>
  <datafield tag="700" ind1="1" ind2=" ">
    <subfield code="a">Buyse, Leone Karena.</subfield>
    <subfield code="4">prf</subfield>
  </datafield>
  <datafield tag="700" ind1="1" ind2=" ">
    <subfield code="a">Bruhn, Siglind.</subfield>
    <subfield code="4">prf</subfield>
  </datafield>
  <datafield tag="700" ind1="1" ind2=" ">
    <subfield code="a">Sargous, Harry.</subfield>
    <subfield code="4">prf</subfield>
  </datafield>
  <datafield tag="700" ind1="1" ind2=" ">
    <subfield code="a">Ormand, Fred.</subfield>
    <subfield code="4">prf</subfield>
  </datafield>
  <datafield tag="700" ind1="1" ind2=" ">
    <subfield code="a">Nel, Anton.</subfield>
    <subfield code="4">prf</subfield>
  </datafield>
  <datafield tag="700" ind1="1" ind2=" ">
    <subfield code="a">Beene, Richard.</subfield>
    <subfield code="4">prf</subfield>
  </datafield>
  <datafield tag="700" ind1="1" ind2="2">
    <subfield code="a">Hindemith, Paul,</subfield>
    <subfield code="d">1895-1963.</subfield>
    <subfield code="t">Sonatas,</subfield>
    <subfield code="m">flute, piano.</subfield>
  </datafield>
  <datafield tag="700" ind1="1" ind2="2">
    <subfield code="a">Hindemith, Paul,</subfield>
    <subfield code="d">1895-1963.</subfield>
    <subfield code="t">Sonatas,</subfield>
    <subfield code="m">oboe, piano.</subfield>
  </datafield>
  <datafield tag="700" ind1="1" ind2="2">
    <subfield code="a">Hindemith, Paul,</subfield>
    <subfield code="d">1895-1963.</subfield>
    <subfield code="t">Sonatas,</subfield>
    <subfield code="m">clarinet, piano.</subfield>
  </datafield>
  <datafield tag="700" ind1="1" ind2="2">
    <subfield code="a">Hindemith, Paul,</subfield>
    <subfield code="d">1895-1963.</subfield>
    <subfield code="t">Sonatas,</subfield>
    <subfield code="m">English horn, piano.</subfield>
  </datafield>
  <datafield tag="700" ind1="1" ind2="2">
    <subfield code="a">Hindemith, Paul,</subfield>
    <subfield code="d">1895-1963.</subfield>
    <subfield code="t">Sonatas,</subfield>
    <subfield code="m">bassoon, piano.</subfield>
  </datafield>
</record>