
<record>
  <leader>02006cjm a22004332a 4500</leader>
  <controlfield tag="001">   00272442 </controlfield>
  <controlfield tag="003">DLC</controlfield>
  <controlfield tag="005">20130525081501.0</controlfield>
  <controlfield tag="007">sd|fsngnnmmned</controlfield>
  <controlfield tag="008">000420s1999    gw uun   i              d</controlfield>
  <datafield tag="010" ind1=" " ind2=" ">
    <subfield code="a">   00272442 </subfield>
  </datafield>
  <datafield tag="024" ind1="3" ind2=" ">
    <subfield code="a">4010228663020</subfield>
  </datafield>
  <datafield tag="028" ind1="0" ind2="2">
    <subfield code="a">WER 6630-2</subfield>
    <subfield code="b">Wergo</subfield>
  </datafield>
  <datafield tag="028" ind1="0" ind2="0">
    <subfield code="a">WER 6630-2</subfield>
    <subfield code="b">Wergo</subfield>
  </datafield>
  <datafield tag="035" ind1=" " ind2=" ">
    <subfield code="a">(OCoLC)ocm42651628</subfield>
  </datafield>
  <datafield tag="040" ind1=" " ind2=" ">
    <subfield code="a">ZCU</subfield>
    <subfield code="c">ZCU</subfield>
    <subfield code="d">DLC</subfield>
  </datafield>
  <datafield tag="041" ind1="0" ind2=" ">
    <subfield code="g">engfreger</subfield>
    <subfield code="h">ger</subfield>
  </datafield>
  <datafield tag="042" ind1=" " ind2=" ">
    <subfield code="a">lcderive</subfield>
  </datafield>
  <datafield tag="050" ind1="0" ind2="0">
    <subfield code="a">SDA 13125</subfield>
  </datafield>
  <datafield tag="100" ind1="1" ind2=" ">
    <subfield code="a">Reich, Steve,</subfield>
    <subfield code="d">1936-</subfield>
  </datafield>
  <datafield tag="240" ind1="1" ind2="0">
    <subfield code="a">Works.</subfield>
    <subfield code="k">Selections</subfield>
  </datafield>
  <datafield tag="245" ind1="1" ind2="0">
    <subfield code="a">Steve Reich</subfield>
    <subfield code="h">[sound recording]</subfield>
  </datafield>
  <datafield tag="260" ind1=" " ind2=" ">
    <subfield code="a">Mainz, Germany :</subfield>
    <subfield code="b">Wergo,</subfield>
    <subfield code="c">p1999.</subfield>
  </datafield>
  <datafield tag="300" ind1=" " ind2=" ">
    <subfield code="a">1 sound disc (68 min.) :</subfield>
    <subfield code="b">digital ;</subfield>
    <subfield code="c">4 3/4 in.</subfield>
  </datafield>
  <datafield tag="511" ind1="0" ind2=" ">
    <subfield code="a">Ensemble Avantgarde.</subfield>
  </datafield>
  <datafield tag="518" ind1=" " ind2=" ">
    <subfield code="a">Recorded: Apex-Studio, Leipzig, November 15-16, 1997 (1st and 5th works); Saal 3 des SFB, Novermber 5, 1997 (3rd work ), &amp; April 1998 (2nd, 4th and 6th works).</subfield>
  </datafield>
  <datafield tag="500" ind1=" " ind2=" ">
    <subfield code="a">Program notes in German by Volker Straebel with English and French translations (28 p. : ill.) inserted in container.</subfield>
  </datafield>
  <datafield tag="505" ind1="0" ind2=" ">
    <subfield code="a">Phase patterns : for four electric organs (1970) (15:25) -- Pendulum music : for microphones, amplifiers, loudspeakser and performers : first version , four microphones (1968) (4:38) -- Piano phase : for two pianos (1966) (17:46) -- Pendulum music : for microphones ... : second versions, four microphones (1968) (5:01) -- Four organs : for four electric organs and maracas (1970) (18:36) -- Pendulum music : for microphones, amplifiers, loudspeakers and performers (1968) (4:38).</subfield>
  </datafield>
  <datafield tag="650" ind1=" " ind2="0">
    <subfield code="a">Electronic organ ensembles.</subfield>
  </datafield>
  <datafield tag="650" ind1=" " ind2="0">
    <subfield code="a">Aleatory music.</subfield>
  </datafield>
  <datafield tag="650" ind1=" " ind2="0">
    <subfield code="a">Electronic music.</subfield>
  </datafield>
  <datafield tag="650" ind1=" " ind2="0">
    <subfield code="a">Piano music (Pianos (2))</subfield>
  </datafield>
  <datafield tag="650" ind1=" " ind2="0">
    <subfield code="a">Quintets (Organs (4), maracas)</subfield>
  </datafield>
  <datafield tag="650" ind1=" " ind2="0">
    <subfield code="a">Minimal music.</subfield>
  </datafield>
  <datafield tag="700" ind1="1" ind2="2">
    <subfield code="a">Reich, Steve,</subfield>
    <subfield code="d">1936-</subfield>
    <subfield code="t">Phase patterns.</subfield>
  </datafield>
  <datafield tag="700" ind1="1" ind2="2">
    <subfield code="a">Reich, Steve,</subfield>
    <subfield code="d">1936-</subfield>
    <subfield code="t">Pendulum music.</subfield>
  </datafield>
  <datafield tag="700" ind1="1" ind2="2">
    <subfield code="a">Reich, Steve,</subfield>
    <subfield code="d">1936-</subfield>
    <subfield code="t">Piano phase.</subfield>
  </datafield>
  <datafield tag="700" ind1="1" ind2="2">
    <subfield code="a">Reich, Steve,</subfield>
    <subfield code="d">1936-</subfield>
    <subfield code="t">Four organs.</subfield>
  </datafield>
  <datafield tag="710" ind1="2" ind2=" ">
    <subfield code="a">Ensemble Avantgarde.</subfield>
    <subfield code="4">prf</subfield>
  </datafield>
</record>