
<record>
  <leader>02180cjm a22003131a 4500</leader>
  <controlfield tag="001">   00272443 </controlfield>
  <controlfield tag="003">DLC</controlfield>
  <controlfield tag="005">20060329095300.0</controlfield>
  <controlfield tag="007">sd|fsngnnmmned</controlfield>
  <controlfield tag="008">000420p19981945it   n                  d</controlfield>
  <datafield tag="050" ind1="0" ind2="0">
    <subfield code="a">SDA 13276</subfield>
  </datafield>
  <datafield tag="010" ind1=" " ind2=" ">
    <subfield code="a">   00272443 </subfield>
  </datafield>
  <datafield tag="024" ind1="3" ind2=" ">
    <subfield code="a">8004883533268</subfield>
  </datafield>
  <datafield tag="028" ind1="0" ind2="2">
    <subfield code="a">CD 53326</subfield>
    <subfield code="b">Giants of Jazz</subfield>
  </datafield>
  <datafield tag="035" ind1=" " ind2=" ">
    <subfield code="a">(OCoLC)ocm43925244</subfield>
  </datafield>
  <datafield tag="040" ind1=" " ind2=" ">
    <subfield code="a">COD</subfield>
    <subfield code="c">COD</subfield>
    <subfield code="d">DLC</subfield>
  </datafield>
  <datafield tag="042" ind1=" " ind2=" ">
    <subfield code="a">lcderive</subfield>
  </datafield>
  <datafield tag="100" ind1="1" ind2=" ">
    <subfield code="a">Vaughan, Sarah,</subfield>
    <subfield code="d">1924-1990.</subfield>
  </datafield>
  <datafield tag="245" ind1="1" ind2="4">
    <subfield code="a">The man I love</subfield>
    <subfield code="h">[sound recording] /</subfield>
    <subfield code="c">Sarah Vaughan.</subfield>
  </datafield>
  <datafield tag="260" ind1=" " ind2=" ">
    <subfield code="a">[Italy] :</subfield>
    <subfield code="b">Giants of Jazz,</subfield>
    <subfield code="c">p1998.</subfield>
  </datafield>
  <datafield tag="300" ind1=" " ind2=" ">
    <subfield code="a">1 sound disc :</subfield>
    <subfield code="b">digital ;</subfield>
    <subfield code="c">4 3/4 in.</subfield>
  </datafield>
  <datafield tag="500" ind1=" " ind2=" ">
    <subfield code="a">Jazz vocals.</subfield>
  </datafield>
  <datafield tag="500" ind1=" " ind2=" ">
    <subfield code="a">Compact disc.</subfield>
  </datafield>
  <datafield tag="511" ind1="0" ind2=" ">
    <subfield code="a">Sarah Vaughan, vocals ; various orchestras and accompanying instrumental groups.</subfield>
  </datafield>
  <datafield tag="518" ind1=" " ind2=" ">
    <subfield code="a">Originally recorded in New York between 1945 and 1947.</subfield>
  </datafield>
  <datafield tag="500" ind1=" " ind2=" ">
    <subfield code="a">Biographical notes with complete performer listings inserted in container.</subfield>
  </datafield>
  <datafield tag="505" ind1="0" ind2=" ">
    <subfield code="a">The man I love / Gershwin ; Gershwin (2:45) -- Love me or leave me/ Kahn ; Donaldson (2:55) -- The Lord&apos;s prayer / Malotte (2:52) -- Sometime I feel like a motherless child / Trad. (2:47) -- I get a kick out of you / Porter (2:50) -- I can&apos;t get started / Duke ; Gershwin (2:27) -- I&apos;m gonna sit right down and write myself a letter / Young ; Ahlert (2:21) -- September song / Weill ; Anderson (3:02) -- Time after time / Kahn ; Styne (3:04) -- Don&apos;t worry &apos;bout me / Bloom ; Koehler (2:56) -- Penthouse serenade (When we&apos;re alone) / Burton ; Jason (3:10) -- I&apos;ll wait and pray / Valentine (3:00) -- Button up your overcoat / Brown ; Desylva ; Henderson ( 2:26) -- Trouble is a man / Wilder (2:33) -- I&apos;m through with love / Malneck ; Livingston ; Kahn (2:50) -- I&apos;ve got a crush on you / Gershwin ; Gershwin (2:57) -- Everything I have is yours / Lane ; Adamson ( 2:49) -- I feel so smoochie / Moore ( 2:37) -- The one I love belongs to somebody else / Jones ; Kahn (3:09) -- I cover the waterfront / Green ; Heyman (2:53) -- I don&apos;t stand a ghost of a chance with you / Crosby ; Washington ; Young ( 2:42) -- I&apos;d rather have a memory than a dream / Feather ; Russell (2:42)</subfield>
  </datafield>
  <datafield tag="650" ind1=" " ind2="0">
    <subfield code="a">Jazz vocals.</subfield>
  </datafield>
  <datafield tag="650" ind1=" " ind2="0">
    <subfield code="a">Jazz</subfield>
    <subfield code="y">1941-1950.</subfield>
  </datafield>
</record>