
<record>
  <leader>02311cjm a22003971a 4500</leader>
  <controlfield tag="001">   00272445 </controlfield>
  <controlfield tag="003">DLC</controlfield>
  <controlfield tag="005">20030908111149.0</controlfield>
  <controlfield tag="007">sd|fsngnnmmned</controlfield>
  <controlfield tag="008">000420p19991996fr fmn   gik        ara d</controlfield>
  <datafield tag="028" ind1="0" ind2="2">
    <subfield code="a">321026</subfield>
    <subfield code="b">Institut du monde arabe</subfield>
  </datafield>
  <datafield tag="050" ind1="0" ind2="0">
    <subfield code="a">SDA 13270</subfield>
  </datafield>
  <datafield tag="010" ind1=" " ind2=" ">
    <subfield code="a">   00272445 </subfield>
  </datafield>
  <datafield tag="024" ind1="1" ind2=" ">
    <subfield code="a">794881472420</subfield>
  </datafield>
  <datafield tag="028" ind1="0" ind2="2">
    <subfield code="a">321026</subfield>
    <subfield code="b">Institut du Monde Arabe</subfield>
  </datafield>
  <datafield tag="033" ind1="2" ind2="0">
    <subfield code="a">19960126</subfield>
    <subfield code="a">19960128</subfield>
    <subfield code="b">5830</subfield>
    <subfield code="c">P3</subfield>
  </datafield>
  <datafield tag="035" ind1=" " ind2=" ">
    <subfield code="a">(OCoLC)ocm43585220</subfield>
  </datafield>
  <datafield tag="040" ind1=" " ind2=" ">
    <subfield code="a">HLS</subfield>
    <subfield code="c">HLS</subfield>
    <subfield code="d">OCLCQ</subfield>
    <subfield code="d">SNN</subfield>
    <subfield code="d">DLC</subfield>
  </datafield>
  <datafield tag="041" ind1="0" ind2=" ">
    <subfield code="d">ara</subfield>
    <subfield code="g">engfre</subfield>
    <subfield code="h">fre</subfield>
  </datafield>
  <datafield tag="042" ind1=" " ind2=" ">
    <subfield code="a">lcderive</subfield>
  </datafield>
  <datafield tag="043" ind1=" " ind2=" ">
    <subfield code="a">f-ua---</subfield>
  </datafield>
  <datafield tag="110" ind1="2" ind2=" ">
    <subfield code="a">Firqat al-Tanbûrah.</subfield>
    <subfield code="4">prf</subfield>
  </datafield>
  <datafield tag="245" ind1="1" ind2="3">
    <subfield code="a">La simsimiyya de Port Saïd</subfield>
    <subfield code="h">[sound recording] =</subfield>
    <subfield code="b">The simsimiyya of Port Saïd /</subfield>
    <subfield code="c">Ensemble al-tanbûrah.</subfield>
  </datafield>
  <datafield tag="246" ind1="3" ind2="1">
    <subfield code="a">Simsimiyya of Port Said</subfield>
  </datafield>
  <datafield tag="260" ind1=" " ind2=" ">
    <subfield code="a">Paris :</subfield>
    <subfield code="b">Institut du Monde Arabe,</subfield>
    <subfield code="c">p1999.</subfield>
  </datafield>
  <datafield tag="300" ind1=" " ind2=" ">
    <subfield code="a">1 sound disc (56 min.) :</subfield>
    <subfield code="b">digital ;</subfield>
    <subfield code="c">4 3/4 in.</subfield>
  </datafield>
  <datafield tag="306" ind1=" " ind2=" ">
    <subfield code="a">000129</subfield>
    <subfield code="a">000744</subfield>
    <subfield code="a">000508</subfield>
    <subfield code="a">000142</subfield>
    <subfield code="a">000724</subfield>
    <subfield code="a">000345</subfield>
    <subfield code="a">000033</subfield>
    <subfield code="a">000454</subfield>
    <subfield code="a">000757</subfield>
    <subfield code="a">000123</subfield>
    <subfield code="a">000512</subfield>
    <subfield code="a">000745</subfield>
  </datafield>
  <datafield tag="500" ind1=" " ind2=" ">
    <subfield code="a">Traditional music from Port Saïd, featuring the simsimiyya, or lyre.</subfield>
  </datafield>
  <datafield tag="511" ind1="0" ind2=" ">
    <subfield code="a">Ensemble al-Tanbûrah ; Zakaria Ibrahim, director.</subfield>
  </datafield>
  <datafield tag="518" ind1=" " ind2=" ">
    <subfield code="a">Recorded at the Cité de la Musique during the cycle &quot;Music from Egypt,&quot; Jan. 26-28, 1996.</subfield>
  </datafield>
  <datafield tag="500" ind1=" " ind2=" ">
    <subfield code="a">Compact disc.</subfield>
  </datafield>
  <datafield tag="500" ind1=" " ind2=" ">
    <subfield code="a">Historical and descriptive notes by Christian Poché, in French with English translation ([10] p. : ill.) inserted in container.</subfield>
  </datafield>
  <datafield tag="505" ind1="0" ind2=" ">
    <subfield code="a">Yâ qualb = O cœur (1:29) -- Shuftu al-quamar = J&apos;ai vu la lune (7:44) -- Kawânî al-hubb = L&apos;amour m&apos;a consume (5:08) -- Wa al-salât &apos;al-nabi = Priez pour le Prophête (1:42) -- Ahwâ qamar = La lune plus désirable (7:24) -- &apos;Azzil min bayti = Quitte ma maison (3:45) -- Wal-karîm ma khâb = Le généreux n&apos;est pas déçu (0:33) -- Badrun arid = Je voudrais un amour (4:54) -- Beghanni = Je chante ; Sabâh al-habâyib = La matinée des amoureux ; Banât al-&apos;Urbân = Les bédouines ; &apos;Ali ya &apos;Ali = Ali, o Ali (7:57) -- Yâ bulbul al-afrâh = O rossignol des joies (1:23) -- Qâsî mâqâsî = Que de souffrances (5:12) -- Yâ &apos;Âzif al-awtâr = O toi, qui pince les cordes (7:45)</subfield>
  </datafield>
  <datafield tag="650" ind1=" " ind2="0">
    <subfield code="a">Folk music</subfield>
    <subfield code="z">Egypt</subfield>
    <subfield code="z">Port Said.</subfield>
  </datafield>
  <datafield tag="650" ind1=" " ind2="0">
    <subfield code="a">Folk songs, Arabic</subfield>
    <subfield code="z">Egypt</subfield>
    <subfield code="z">Port Said.</subfield>
  </datafield>
  <datafield tag="700" ind1="1" ind2=" ">
    <subfield code="a">Zakaria, Ibrahim.</subfield>
    <subfield code="4">cnd</subfield>
  </datafield>
</record>