
<record>
  <leader>02022cjm a22004211a 4500</leader>
  <controlfield tag="001">   00272447 </controlfield>
  <controlfield tag="003">DLC</controlfield>
  <controlfield tag="005">20030828141159.0</controlfield>
  <controlfield tag="007">sd|fsngnnmmned</controlfield>
  <controlfield tag="008">000421s1999    fr fmn   i          ara d</controlfield>
  <datafield tag="050" ind1="0" ind2="0">
    <subfield code="a">SDA 16366</subfield>
  </datafield>
  <datafield tag="010" ind1=" " ind2=" ">
    <subfield code="a">   00272447 </subfield>
  </datafield>
  <datafield tag="024" ind1="1" ind2=" ">
    <subfield code="a">794881472222</subfield>
  </datafield>
  <datafield tag="028" ind1="0" ind2="2">
    <subfield code="a">321024</subfield>
    <subfield code="b">Institut du monde arabe</subfield>
  </datafield>
  <datafield tag="035" ind1=" " ind2=" ">
    <subfield code="a">(OCoLC)ocm43319492</subfield>
  </datafield>
  <datafield tag="040" ind1=" " ind2=" ">
    <subfield code="a">OBE</subfield>
    <subfield code="c">OBE</subfield>
    <subfield code="d">DLC</subfield>
  </datafield>
  <datafield tag="041" ind1="0" ind2=" ">
    <subfield code="d">araber</subfield>
    <subfield code="e">engfre</subfield>
    <subfield code="h">araber</subfield>
    <subfield code="g">engfre</subfield>
    <subfield code="h">fre</subfield>
  </datafield>
  <datafield tag="042" ind1=" " ind2=" ">
    <subfield code="a">lcderive</subfield>
  </datafield>
  <datafield tag="100" ind1="1" ind2=" ">
    <subfield code="a">El Khencheli, Ali,</subfield>
    <subfield code="d">1914-</subfield>
    <subfield code="4">voc</subfield>
    <subfield code="4">itr</subfield>
  </datafield>
  <datafield tag="245" ind1="1" ind2="0">
    <subfield code="a">Chants des Aurès, Algerie</subfield>
    <subfield code="h">[sound recording] =</subfield>
    <subfield code="b">Songs from the Aures, Algeria.</subfield>
  </datafield>
  <datafield tag="246" ind1="3" ind2="0">
    <subfield code="a">Algerie</subfield>
  </datafield>
  <datafield tag="246" ind1="3" ind2="1">
    <subfield code="a">Songs from the Aures, Algeria</subfield>
  </datafield>
  <datafield tag="246" ind1="3" ind2="0">
    <subfield code="a">Algeria</subfield>
  </datafield>
  <datafield tag="260" ind1=" " ind2=" ">
    <subfield code="a">Paris :</subfield>
    <subfield code="b">Institut du monde arabe,</subfield>
    <subfield code="c">p1999.</subfield>
  </datafield>
  <datafield tag="300" ind1=" " ind2=" ">
    <subfield code="a">1 sound disc :</subfield>
    <subfield code="b">digital ;</subfield>
    <subfield code="c">4 3/4 in.</subfield>
  </datafield>
  <datafield tag="500" ind1=" " ind2=" ">
    <subfield code="a">Chaouia dances and songs.</subfield>
  </datafield>
  <datafield tag="546" ind1=" " ind2=" ">
    <subfield code="a">Vocal works sung in Berber or Arabic.</subfield>
  </datafield>
  <datafield tag="511" ind1="0" ind2=" ">
    <subfield code="a">Ali El Khencheli, voice, percussion ; Sahraoui and/or Slimane, gasba.</subfield>
  </datafield>
  <datafield tag="500" ind1=" " ind2=" ">
    <subfield code="a">Compact disc.</subfield>
  </datafield>
  <datafield tag="500" ind1=" " ind2=" ">
    <subfield code="a">Program notes in French with English translation and partial texts of the vocal works in French and English translations ([12] p. : ports.) in container.</subfield>
  </datafield>
  <datafield tag="505" ind1="0" ind2=" ">
    <subfield code="a">Lali abar wa yessir = The passer-by -- Kijina men Aïn Mlila = When we arried from Aïn Mlila -- Ayache a memmi = Ayache, oh, my son -- En h&apos;wa wwa dhrar = The wind from the mountains -- El bahri jebba = The north wind blows -- Gasba (flute) solo -- Assalah ou&apos;ami = Salah, my cousin -- Kharjat men l&apos;hammam = She has stepped out of the bath -- Hezzi&apos;ayounek = Raise your eyes -- &apos;Ajbouni ramgat&apos;ghzali = My gazelle&apos;s eyes have seduced me -- Maaraka = Battle -- Ma lebestek men lahrir = How I have dressed you in silk.</subfield>
  </datafield>
  <datafield tag="650" ind1=" " ind2="0">
    <subfield code="a">Folk music</subfield>
    <subfield code="z">Algeria.</subfield>
  </datafield>
  <datafield tag="650" ind1=" " ind2="0">
    <subfield code="a">Folk songs, Berber</subfield>
    <subfield code="z">Algeria.</subfield>
  </datafield>
  <datafield tag="650" ind1=" " ind2="0">
    <subfield code="a">Folk songs, Arabic</subfield>
    <subfield code="z">Algeria.</subfield>
  </datafield>
  <datafield tag="650" ind1=" " ind2="0">
    <subfield code="a">Folk dance music</subfield>
    <subfield code="z">Algeria.</subfield>
  </datafield>
  <datafield tag="650" ind1=" " ind2="0">
    <subfield code="a">Chaouia (Berber people)</subfield>
    <subfield code="z">Algeria</subfield>
    <subfield code="v">Music.</subfield>
  </datafield>
  <datafield tag="700" ind1="1" ind2=" ">
    <subfield code="a">Sahraoui.</subfield>
    <subfield code="4">itr</subfield>
  </datafield>
  <datafield tag="700" ind1="0" ind2=" ">
    <subfield code="a">Slimane</subfield>
    <subfield code="c">(Musician)</subfield>
    <subfield code="4">itr</subfield>
  </datafield>
</record>