
<record>
  <leader>01576cjm a22003737a 4500</leader>
  <controlfield tag="001">   00272449 </controlfield>
  <controlfield tag="003">DLC</controlfield>
  <controlfield tag="005">20030922121528.0</controlfield>
  <controlfield tag="007">sd|fsngnnmmned</controlfield>
  <controlfield tag="008">000424s1999    fr sgn   di         ara d</controlfield>
  <datafield tag="028" ind1="0" ind2="2">
    <subfield code="a">321025</subfield>
    <subfield code="b">Institut du monde arabe</subfield>
  </datafield>
  <datafield tag="050" ind1="0" ind2="0">
    <subfield code="a">SDA 13278</subfield>
  </datafield>
  <datafield tag="010" ind1=" " ind2=" ">
    <subfield code="a">   00272449 </subfield>
  </datafield>
  <datafield tag="024" ind1="1" ind2=" ">
    <subfield code="a">794881472321</subfield>
  </datafield>
  <datafield tag="028" ind1="0" ind2="1">
    <subfield code="a">321025</subfield>
    <subfield code="b">Institut du Monde Arabe</subfield>
  </datafield>
  <datafield tag="035" ind1=" " ind2=" ">
    <subfield code="a">(OCoLC)ocm44737979</subfield>
  </datafield>
  <datafield tag="040" ind1=" " ind2=" ">
    <subfield code="a">CUY</subfield>
    <subfield code="c">CUY</subfield>
    <subfield code="d">OCLCQ</subfield>
    <subfield code="d">SNN</subfield>
    <subfield code="d">DLC</subfield>
  </datafield>
  <datafield tag="041" ind1="0" ind2=" ">
    <subfield code="d">ara</subfield>
    <subfield code="e">ara</subfield>
    <subfield code="e">eng</subfield>
    <subfield code="e">fre</subfield>
    <subfield code="h">ara</subfield>
    <subfield code="g">eng</subfield>
    <subfield code="g">fre</subfield>
    <subfield code="h">fre</subfield>
  </datafield>
  <datafield tag="042" ind1=" " ind2=" ">
    <subfield code="a">lcderive</subfield>
  </datafield>
  <datafield tag="043" ind1=" " ind2=" ">
    <subfield code="a">f-ti---</subfield>
  </datafield>
  <datafield tag="110" ind1="2" ind2=" ">
    <subfield code="a">Sulâmiyya (Musical group)</subfield>
    <subfield code="4">prf</subfield>
  </datafield>
  <datafield tag="245" ind1="1" ind2="0">
    <subfield code="a">Chants soufis de Tunis</subfield>
    <subfield code="h">[sound recording] =</subfield>
    <subfield code="b">Sufi songs from Tunis.</subfield>
  </datafield>
  <datafield tag="246" ind1="3" ind2="1">
    <subfield code="a">Sufi songs from Tunis</subfield>
  </datafield>
  <datafield tag="260" ind1=" " ind2=" ">
    <subfield code="a">Paris :</subfield>
    <subfield code="b">Institut du Monde arabe,</subfield>
    <subfield code="c">p1999.</subfield>
  </datafield>
  <datafield tag="300" ind1=" " ind2=" ">
    <subfield code="a">1 sound disc (63 min.) :</subfield>
    <subfield code="b">digital ;</subfield>
    <subfield code="c">4 3/4 in.</subfield>
  </datafield>
  <datafield tag="306" ind1=" " ind2=" ">
    <subfield code="a">000451</subfield>
    <subfield code="a">001227</subfield>
    <subfield code="a">000712</subfield>
    <subfield code="a">000334</subfield>
    <subfield code="a">000334</subfield>
    <subfield code="a">000543</subfield>
    <subfield code="a">000806</subfield>
    <subfield code="a">001723</subfield>
  </datafield>
  <datafield tag="500" ind1=" " ind2=" ">
    <subfield code="a">Sufi devotional songs.</subfield>
  </datafield>
  <datafield tag="500" ind1=" " ind2=" ">
    <subfield code="a">For voices with percussion instruments such as bendir, nagharât, and târ.</subfield>
  </datafield>
  <datafield tag="511" ind1="0" ind2=" ">
    <subfield code="a">La Sulâmiyya.</subfield>
  </datafield>
  <datafield tag="500" ind1=" " ind2=" ">
    <subfield code="a">Compact disc.</subfield>
  </datafield>
  <datafield tag="500" ind1=" " ind2=" ">
    <subfield code="a">Program notes by Mahmoud Guettat in French, with English translation, and texts in transliterated Arabic with English and French translations ([10] p.) inserted in container.</subfield>
  </datafield>
  <datafield tag="505" ind1="0" ind2=" ">
    <subfield code="a">Al-&apos;Âda (4:51) -- Tajwîd (12:27) -- Sulâmiyya (7:12) -- Ana Bwâya (3:34) -- Lagmar wa ndjoum (3:34) -- Qâdiriyya (5:43) -- Tayyibiyya (8:06) -- &apos;Isâwiyya (17:23).</subfield>
  </datafield>
  <datafield tag="650" ind1=" " ind2="0">
    <subfield code="a">Sufi music</subfield>
    <subfield code="z">Tunisia</subfield>
    <subfield code="z">Tunis.</subfield>
  </datafield>
  <datafield tag="650" ind1=" " ind2="0">
    <subfield code="a">Songs, Arabic</subfield>
    <subfield code="z">Tunisia</subfield>
    <subfield code="z">Tunis.</subfield>
  </datafield>
</record>