
<record>
  <leader>01697cjm a22003251a 4500</leader>
  <controlfield tag="001">   00272451 </controlfield>
  <controlfield tag="003">DLC</controlfield>
  <controlfield tag="005">20060329091936.0</controlfield>
  <controlfield tag="007">sd|fsngnnmmned</controlfield>
  <controlfield tag="008">000425p19961944enkjzn                  d</controlfield>
  <datafield tag="028" ind1="0" ind2="2">
    <subfield code="a">PLCD 545</subfield>
    <subfield code="b">President Records</subfield>
  </datafield>
  <datafield tag="050" ind1="0" ind2="0">
    <subfield code="a">SDA 16341</subfield>
  </datafield>
  <datafield tag="010" ind1=" " ind2=" ">
    <subfield code="a">   00272451 </subfield>
  </datafield>
  <datafield tag="024" ind1="3" ind2=" ">
    <subfield code="a">5017447615457</subfield>
  </datafield>
  <datafield tag="028" ind1="0" ind2="2">
    <subfield code="a">PLCD 545</subfield>
    <subfield code="b">President</subfield>
  </datafield>
  <datafield tag="035" ind1=" " ind2=" ">
    <subfield code="a">(OCoLC)ocm45537158</subfield>
  </datafield>
  <datafield tag="040" ind1=" " ind2=" ">
    <subfield code="a">MPI</subfield>
    <subfield code="c">MPI</subfield>
    <subfield code="d">DLC</subfield>
  </datafield>
  <datafield tag="042" ind1=" " ind2=" ">
    <subfield code="a">lcderive</subfield>
  </datafield>
  <datafield tag="100" ind1="1" ind2=" ">
    <subfield code="a">Eckstine, Billy.</subfield>
    <subfield code="4">prf</subfield>
  </datafield>
  <datafield tag="245" ind1="1" ind2="0">
    <subfield code="a">Mr. B. and the bebop band</subfield>
    <subfield code="h">[sound recording] /</subfield>
    <subfield code="c">Billy Eckstine.</subfield>
  </datafield>
  <datafield tag="260" ind1=" " ind2=" ">
    <subfield code="a">London :</subfield>
    <subfield code="b">President,</subfield>
    <subfield code="c">p1996.</subfield>
  </datafield>
  <datafield tag="300" ind1=" " ind2=" ">
    <subfield code="a">1 sound disc :</subfield>
    <subfield code="b">digital ;</subfield>
    <subfield code="c">4 3/4 in.</subfield>
  </datafield>
  <datafield tag="511" ind1="0" ind2=" ">
    <subfield code="a">Billy Eckstine, vocals, valve trombone ; with Sarah Vaughan, vocals, and various instrumental acc.</subfield>
  </datafield>
  <datafield tag="518" ind1=" " ind2=" ">
    <subfield code="a">Recorded 1944-45.</subfield>
  </datafield>
  <datafield tag="500" ind1=" " ind2=" ">
    <subfield code="a">Compact disc.</subfield>
  </datafield>
  <datafield tag="505" ind1="0" ind2=" ">
    <subfield code="a">Blowing away the blues (3:06) -- I stay in the mood for you (2:58) -- Good jelly blues (2:56) -- I got a date with rhythm (2:59) -- If that&apos;s the way you feel (2:45) -- Opus X (2:40) -- The real thing happened to me (2:45) -- I want to talk about you (2:45) -- Without a song (3:57) -- Mean to me (3:10) -- Mr. Chips (2:45) -- Don&apos;t blame me (2:53) -- Airmail special (3:19) -- Love me or leave me (4:10) -- Lonesome lover blues (2:46) -- A cottage for sale (2:45) -- I love the rhythm in a riff (2:48) -- Last night (2:58) -- Prisoner of love (2:48) -- I&apos;m in the mood for love (2:53) -- You call it madness (2:58) -- All I sing is blues (2:49) -- Long long journey (3:06) -- It ain&apos;t like that no more (2:50).</subfield>
  </datafield>
  <datafield tag="650" ind1=" " ind2="0">
    <subfield code="a">Jazz vocals.</subfield>
  </datafield>
  <datafield tag="650" ind1=" " ind2="0">
    <subfield code="a">Jazz</subfield>
    <subfield code="y">1941-1950.</subfield>
  </datafield>
  <datafield tag="650" ind1=" " ind2="0">
    <subfield code="a">Big band music.</subfield>
  </datafield>
  <datafield tag="700" ind1="1" ind2=" ">
    <subfield code="a">Vaughan, Sarah,</subfield>
    <subfield code="d">1924-1990.</subfield>
    <subfield code="4">prf</subfield>
  </datafield>
</record>