
<record>
  <leader>00541cjm a22002055a 4500</leader>
  <controlfield tag="001">   00272453 </controlfield>
  <controlfield tag="003">DLC</controlfield>
  <controlfield tag="005">20001005080255.0</controlfield>
  <controlfield tag="007">sd|fsngnnmmned</controlfield>
  <controlfield tag="008">000425s1997    xx uun              eng  </controlfield>
  <datafield tag="010" ind1=" " ind2=" ">
    <subfield code="a">   00272453 </subfield>
  </datafield>
  <datafield tag="024" ind1="3" ind2=" ">
    <subfield code="a">5034504205420</subfield>
  </datafield>
  <datafield tag="028" ind1="0" ind2="2">
    <subfield code="a">PEG CD 054</subfield>
    <subfield code="b">Pegasus</subfield>
  </datafield>
  <datafield tag="040" ind1=" " ind2=" ">
    <subfield code="a">DLC</subfield>
    <subfield code="c">DLC</subfield>
  </datafield>
  <datafield tag="042" ind1=" " ind2=" ">
    <subfield code="a">pcc</subfield>
  </datafield>
  <datafield tag="050" ind1="0" ind2="0">
    <subfield code="a">SDA 13124</subfield>
  </datafield>
  <datafield tag="245" ind1="0" ind2="0">
    <subfield code="a">Little Miss Dynamite</subfield>
    <subfield code="h">[sound recording] /</subfield>
    <subfield code="c">Brenda Lee.</subfield>
  </datafield>
  <datafield tag="260" ind1=" " ind2=" ">
    <subfield code="a">[S.l.] :</subfield>
    <subfield code="b">Pegasus,</subfield>
    <subfield code="c">p1997.</subfield>
  </datafield>
  <datafield tag="300" ind1=" " ind2=" ">
    <subfield code="a">1 sound disc :</subfield>
    <subfield code="b">digital ;</subfield>
    <subfield code="c">4³/₄ in.</subfield>
  </datafield>
  <datafield tag="500" ind1=" " ind2=" ">
    <subfield code="a">Compact disc.</subfield>
  </datafield>
</record>