
<record>
  <leader>01949cjm a22003012a 4500</leader>
  <controlfield tag="001">   00272455 </controlfield>
  <controlfield tag="003">DLC</controlfield>
  <controlfield tag="005">20020629074236.0</controlfield>
  <controlfield tag="007">sd|fsngnnmmned</controlfield>
  <controlfield tag="008">000501s1996    po bln                  d</controlfield>
  <datafield tag="028" ind1="0" ind2="2">
    <subfield code="a">JTD 102425</subfield>
    <subfield code="b">Jazztory</subfield>
  </datafield>
  <datafield tag="050" ind1="0" ind2="0">
    <subfield code="a">SDA 16383</subfield>
  </datafield>
  <datafield tag="010" ind1=" " ind2=" ">
    <subfield code="a">   00272455 </subfield>
  </datafield>
  <datafield tag="024" ind1="3" ind2=" ">
    <subfield code="a">8712177025749</subfield>
  </datafield>
  <datafield tag="028" ind1="0" ind2="2">
    <subfield code="a">JTD102425</subfield>
    <subfield code="b">Jazzterdays</subfield>
  </datafield>
  <datafield tag="035" ind1=" " ind2=" ">
    <subfield code="a">(OCoLC)ocm45798622 </subfield>
  </datafield>
  <datafield tag="040" ind1=" " ind2=" ">
    <subfield code="a">APL</subfield>
    <subfield code="c">APL</subfield>
    <subfield code="d">DLC</subfield>
  </datafield>
  <datafield tag="042" ind1=" " ind2=" ">
    <subfield code="a">lcderive</subfield>
  </datafield>
  <datafield tag="100" ind1="1" ind2=" ">
    <subfield code="a">Jordan, Louis,</subfield>
    <subfield code="d">1908-1975.</subfield>
  </datafield>
  <datafield tag="245" ind1="1" ind2="0">
    <subfield code="a">Is you or is you ain&apos;t</subfield>
    <subfield code="h">[sound recording] /</subfield>
    <subfield code="c">Louis Jordan.</subfield>
  </datafield>
  <datafield tag="260" ind1=" " ind2=" ">
    <subfield code="a">Portugal :</subfield>
    <subfield code="b">Jazzterdays,</subfield>
    <subfield code="c">c1996.</subfield>
  </datafield>
  <datafield tag="300" ind1=" " ind2=" ">
    <subfield code="a">1 sound disc :</subfield>
    <subfield code="b">digital, audio ;</subfield>
    <subfield code="c">4 3/4 in.</subfield>
  </datafield>
  <datafield tag="511" ind1="0" ind2=" ">
    <subfield code="a">Louis Jordan and his Tympany Five with various accompaniment.</subfield>
  </datafield>
  <datafield tag="518" ind1=" " ind2=" ">
    <subfield code="a">Recorded in various places between 1941-1945.</subfield>
  </datafield>
  <datafield tag="505" ind1="0" ind2=" ">
    <subfield code="a">I&apos;m gonna move to the outskirts of town (Weldon) (2:49) -- Knock me a kiss (Jackson) (2:45) -- Mama, mama blues (Rusty dusty blues)(Williams) (3:02) -- What&apos;s the use of getting sober (when you&apos;re gonna get drunk again)(Meyers) (2:48) -- The chicks I pick are slender, tender and tall (Jackson)(2:26) -- Five guys named Moe (Bresler/Wynn)(2:58) -- That&apos;ll just about knock me out (Weldon/Jordan)(3:06) -- I&apos;m gonna leave you on the outskirts of town (Jordan/Williams) (3:03) -- Ration blues (Cosey/Clark/Jordan)(3:06) -- Is you or is you ain&apos;t (my baby)(Austin/Jordan) (2:42) -- Deacon Jones (Lange/Heath/Loring) (2:55) -- I like &apos;em fat like that (Jordan/Demetrius/Williams) (2:37) -- G.I. Jive (Mercer) (2:57) -- Mop mop (Demetrius?Williams) (2:54) -- You can&apos;t get that no more (Jordan/THeard) (3:17) -- My baby said yes (with Bing Crosby)(Walther/Robin) (2:45) -- Buzz me (Moore/Baxter) (2:48) -- Caldonia (Moore) (2:40) -- Somebody done changed the lock on my door (Weldon) (3:13) -- Salt Pork, West Virginia (Moore/Tennyson) (2:59)</subfield>
  </datafield>
  <datafield tag="538" ind1=" " ind2=" ">
    <subfield code="a">Compact disc.</subfield>
  </datafield>
  <datafield tag="650" ind1=" " ind2="0">
    <subfield code="a">Blues (Music)</subfield>
  </datafield>
  <datafield tag="650" ind1=" " ind2="0">
    <subfield code="a">Rhythm and blues music.</subfield>
  </datafield>
</record>