
<record>
  <leader>02163cjm a22004211a 4500</leader>
  <controlfield tag="001">   00272457 </controlfield>
  <controlfield tag="003">DLC</controlfield>
  <controlfield tag="005">20030904132622.0</controlfield>
  <controlfield tag="007">sd|fsngnnmmned</controlfield>
  <controlfield tag="008">000502p19991998fr zzn   efgi           d</controlfield>
  <datafield tag="050" ind1="0" ind2="0">
    <subfield code="a">SDA 13121</subfield>
  </datafield>
  <datafield tag="010" ind1=" " ind2=" ">
    <subfield code="a">   00272457 </subfield>
  </datafield>
  <datafield tag="024" ind1="1" ind2=" ">
    <subfield code="a">709861302666</subfield>
  </datafield>
  <datafield tag="028" ind1="0" ind2="2">
    <subfield code="a">OPS 30-266</subfield>
    <subfield code="b">Opus 111</subfield>
  </datafield>
  <datafield tag="033" ind1="0" ind2="0">
    <subfield code="a">199812--</subfield>
    <subfield code="b">7434</subfield>
    <subfield code="c">I8</subfield>
  </datafield>
  <datafield tag="035" ind1=" " ind2=" ">
    <subfield code="a">(OCoLC)ocm43111782</subfield>
  </datafield>
  <datafield tag="040" ind1=" " ind2=" ">
    <subfield code="a">HLS</subfield>
    <subfield code="c">HLS</subfield>
    <subfield code="d">DWP</subfield>
    <subfield code="d">CPL</subfield>
    <subfield code="d">DLC</subfield>
  </datafield>
  <datafield tag="041" ind1="0" ind2=" ">
    <subfield code="g">engfre</subfield>
  </datafield>
  <datafield tag="042" ind1=" " ind2=" ">
    <subfield code="a">lcderive</subfield>
  </datafield>
  <datafield tag="043" ind1=" " ind2=" ">
    <subfield code="a">a-tu---</subfield>
  </datafield>
  <datafield tag="045" ind1=" " ind2=" ">
    <subfield code="a">t-u-</subfield>
  </datafield>
  <datafield tag="110" ind1="2" ind2=" ">
    <subfield code="a">Bezmârâ (Musical group)</subfield>
    <subfield code="4">prf</subfield>
  </datafield>
  <datafield tag="245" ind1="1" ind2="0">
    <subfield code="a">Turkey</subfield>
    <subfield code="h">[sound recording] :</subfield>
    <subfield code="b">splendours of Topkapi.</subfield>
  </datafield>
  <datafield tag="246" ind1="3" ind2="0">
    <subfield code="a">Splendours of Topkapi</subfield>
  </datafield>
  <datafield tag="260" ind1=" " ind2=" ">
    <subfield code="a">Paris :</subfield>
    <subfield code="b">Opus 111,</subfield>
    <subfield code="c">p1999.</subfield>
  </datafield>
  <datafield tag="300" ind1=" " ind2=" ">
    <subfield code="a">1 sound disc :</subfield>
    <subfield code="b">digital ;</subfield>
    <subfield code="c">4 3/4 in.</subfield>
  </datafield>
  <datafield tag="490" ind1="1" ind2=" ">
    <subfield code="a">Treasures without frontiers =</subfield>
    <subfield code="a">Trésors sans frontières</subfield>
  </datafield>
  <datafield tag="500" ind1=" " ind2=" ">
    <subfield code="a">Ottoman court music of the 16th and 17th centuries, performed on original instruments.</subfield>
  </datafield>
  <datafield tag="511" ind1="0" ind2=" ">
    <subfield code="a">Bezmârâ; Fikret Karakaya, director.</subfield>
  </datafield>
  <datafield tag="518" ind1=" " ind2=" ">
    <subfield code="a">Recorded at the Hall of the Viziers, Topkapi Palace, Istanbul, Dec. 1998.</subfield>
  </datafield>
  <datafield tag="500" ind1=" " ind2=" ">
    <subfield code="a">Compact disc.</subfield>
  </datafield>
  <datafield tag="500" ind1=" " ind2=" ">
    <subfield code="a">Historical notes and notes on the instruments, performers and composers, in English and French (35 p. : ill.) inserted in container.</subfield>
  </datafield>
  <datafield tag="505" ind1="0" ind2=" ">
    <subfield code="a">Rast peşrev / Şerif Çelebi -- Taksim : kopuz solo -- Rast peşrev / anon. (c1550-1600) -- Taksim : ney solo -- Pençgâh semâî / anon. (c1600-1650) -- Taksim : metal-string kanun solo -- Neva peşrev / anon., Iranian (c1500-1550) -- Muhayyer peşrev / anon., Iranian (c1500-1550) -- Taksim : tanbur solo -- Bestenigâr peşrev / Dimitrie Cantemir -- Segâh semâî / Ahmed Çelebi -- Taksim : &apos;ud solo -- Mahur peşrev / Gazi Giray -- Taksim : çeng solo -- Nihavend peşrev / Derviş Mustafa -- Taksim : kemânçe solo -- Nişabur peşrev / Solakzade -- Taksim : santur solo -- Buselik semâî / anon. (c1600-1650).</subfield>
  </datafield>
  <datafield tag="650" ind1=" " ind2="0">
    <subfield code="a">Instrumental music</subfield>
    <subfield code="z">Turkey</subfield>
    <subfield code="y">16th century.</subfield>
  </datafield>
  <datafield tag="650" ind1=" " ind2="0">
    <subfield code="a">Instrumental music</subfield>
    <subfield code="z">Turkey</subfield>
    <subfield code="y">17th century.</subfield>
  </datafield>
  <datafield tag="651" ind1=" " ind2="0">
    <subfield code="a">Turkey</subfield>
    <subfield code="x">Court and courtiers.</subfield>
  </datafield>
  <datafield tag="700" ind1="1" ind2=" ">
    <subfield code="a">Karakaya, Fikret.</subfield>
    <subfield code="4">cnd</subfield>
  </datafield>
  <datafield tag="830" ind1=" " ind2="0">
    <subfield code="a">Treasures without frontiers.</subfield>
  </datafield>
</record>