
<record>
  <leader>01920cjm a22004337a 4500</leader>
  <controlfield tag="001">   00272459 </controlfield>
  <controlfield tag="003">DLC</controlfield>
  <controlfield tag="005">20130525081502.0</controlfield>
  <controlfield tag="007">sd|fsngnnmmned</controlfield>
  <controlfield tag="008">000502p20001998enksnn   efi            d</controlfield>
  <datafield tag="010" ind1=" " ind2=" ">
    <subfield code="a">   00272459 </subfield>
  </datafield>
  <datafield tag="024" ind1="1" ind2=" ">
    <subfield code="a">743625107227</subfield>
  </datafield>
  <datafield tag="028" ind1="0" ind2="2">
    <subfield code="a">CD DCA 1072</subfield>
    <subfield code="b">ASV</subfield>
  </datafield>
  <datafield tag="028" ind1="0" ind2="2">
    <subfield code="a">CD DCA 1072</subfield>
    <subfield code="b">ASV Digital</subfield>
  </datafield>
  <datafield tag="033" ind1="2" ind2="0">
    <subfield code="a">19980209</subfield>
    <subfield code="a">19980210</subfield>
    <subfield code="b">6714</subfield>
    <subfield code="c">P2</subfield>
  </datafield>
  <datafield tag="033" ind1="1" ind2="0">
    <subfield code="a">19980410</subfield>
    <subfield code="b">6714</subfield>
    <subfield code="c">P2</subfield>
  </datafield>
  <datafield tag="035" ind1=" " ind2=" ">
    <subfield code="a">(OCoLC)ocm45071875</subfield>
  </datafield>
  <datafield tag="040" ind1=" " ind2=" ">
    <subfield code="a">IAC</subfield>
    <subfield code="c">IAC</subfield>
    <subfield code="d">OBE</subfield>
    <subfield code="d">DLC</subfield>
  </datafield>
  <datafield tag="041" ind1="0" ind2=" ">
    <subfield code="g">eng</subfield>
    <subfield code="g">fre</subfield>
    <subfield code="g">ger</subfield>
    <subfield code="h">eng</subfield>
  </datafield>
  <datafield tag="042" ind1=" " ind2=" ">
    <subfield code="a">lcderive</subfield>
  </datafield>
  <datafield tag="045" ind1="2" ind2=" ">
    <subfield code="b">d1935</subfield>
    <subfield code="b">d1973</subfield>
  </datafield>
  <datafield tag="050" ind1="0" ind2="0">
    <subfield code="a">SDA 16371</subfield>
  </datafield>
  <datafield tag="100" ind1="1" ind2=" ">
    <subfield code="a">Rota, Nino,</subfield>
    <subfield code="d">1911-1979.</subfield>
  </datafield>
  <datafield tag="240" ind1="1" ind2="0">
    <subfield code="a">Chamber music.</subfield>
    <subfield code="k">Selections</subfield>
  </datafield>
  <datafield tag="245" ind1="1" ind2="0">
    <subfield code="a">Chamber music</subfield>
    <subfield code="h">[sound recording] /</subfield>
    <subfield code="c">Nino Rota.</subfield>
  </datafield>
  <datafield tag="260" ind1=" " ind2=" ">
    <subfield code="a">London :</subfield>
    <subfield code="b">ASV Digital,</subfield>
    <subfield code="c">p2000.</subfield>
  </datafield>
  <datafield tag="300" ind1=" " ind2=" ">
    <subfield code="a">1 sound disc :</subfield>
    <subfield code="b">digital, stereo. ;</subfield>
    <subfield code="c">4 3/4 in.</subfield>
  </datafield>
  <datafield tag="511" ind1="0" ind2=" ">
    <subfield code="a">Ex novo ensemble (Carlo Lazari, Annamaria Pellegrino, violins ; Mario Paladin, viola ; Carlo Tedoro, violoncello ; Daniele Ruggieri, flute ; Alessandro Baccini, oboe ; Davide Teodoro, clarinet ; Dileno Baldin, horn ; Franco Perfetti, bassoon ; Susanna Mildonian, harp ; Aldo Orvieto, piano).</subfield>
  </datafield>
  <datafield tag="518" ind1=" " ind2=" ">
    <subfield code="a">Recorded in Rorresino Hall, Padova, Italy, Feb. 9-10 and Apr. 10, 1998.</subfield>
  </datafield>
  <datafield tag="500" ind1=" " ind2=" ">
    <subfield code="a">Compact disc.</subfield>
  </datafield>
  <datafield tag="500" ind1=" " ind2=" ">
    <subfield code="a">Program notes in English with French and German translations ([12] p.) in container.</subfield>
  </datafield>
  <datafield tag="505" ind1="0" ind2=" ">
    <subfield code="a">Sonata for flute and harp -- Trio for clarinet, cello and piano -- String quartet -- Quintet for flute, oboe, viola, cello and harp -- Trio for flute, violin and piano -- Piccola offerta musicale : for wind quintet.</subfield>
  </datafield>
  <datafield tag="650" ind1=" " ind2="0">
    <subfield code="a">Sonatas (Flute and harp)</subfield>
  </datafield>
  <datafield tag="650" ind1=" " ind2="0">
    <subfield code="a">Trios (Piano, clarinet, cello)</subfield>
  </datafield>
  <datafield tag="650" ind1=" " ind2="0">
    <subfield code="a">String quartets.</subfield>
  </datafield>
  <datafield tag="650" ind1=" " ind2="0">
    <subfield code="a">Quintets (Flute, oboe, harp, viola, cello)</subfield>
  </datafield>
  <datafield tag="650" ind1=" " ind2="0">
    <subfield code="a">Trios (Piano, flute, violin)</subfield>
  </datafield>
  <datafield tag="650" ind1=" " ind2="0">
    <subfield code="a">Wind quintets (Bassoon, clarinet, flute, horn, oboe)</subfield>
  </datafield>
  <datafield tag="710" ind1="2" ind2=" ">
    <subfield code="a">Ex novo ensemble.</subfield>
    <subfield code="4">prf</subfield>
  </datafield>
</record>