
<record>
  <leader>02018cjm a22003731a 4500</leader>
  <controlfield tag="001">   00272463 </controlfield>
  <controlfield tag="003">DLC</controlfield>
  <controlfield tag="005">20100902080240.0</controlfield>
  <controlfield tag="007">sd|fsngnnmmned</controlfield>
  <controlfield tag="008">000419p19971946enkmun   afz        eng d</controlfield>
  <datafield tag="010" ind1=" " ind2=" ">
    <subfield code="a">   00272463 </subfield>
  </datafield>
  <datafield tag="024" ind1="3" ind2=" ">
    <subfield code="a">5017447615556</subfield>
  </datafield>
  <datafield tag="028" ind1="0" ind2="2">
    <subfield code="a">PLCD 555</subfield>
    <subfield code="b">President</subfield>
  </datafield>
  <datafield tag="035" ind1=" " ind2=" ">
    <subfield code="a">(OCoLC)ocm44407368</subfield>
  </datafield>
  <datafield tag="040" ind1=" " ind2=" ">
    <subfield code="a">NTG</subfield>
    <subfield code="c">NTG</subfield>
    <subfield code="d">DLC</subfield>
  </datafield>
  <datafield tag="042" ind1=" " ind2=" ">
    <subfield code="a">lcderive</subfield>
  </datafield>
  <datafield tag="047" ind1=" " ind2=" ">
    <subfield code="a">jz</subfield>
    <subfield code="a">pp</subfield>
  </datafield>
  <datafield tag="050" ind1="0" ind2="0">
    <subfield code="a">SDA 13127</subfield>
  </datafield>
  <datafield tag="110" ind1="2" ind2=" ">
    <subfield code="a">King Cole Trio.</subfield>
  </datafield>
  <datafield tag="245" ind1="1" ind2="0">
    <subfield code="a">For sentimental reasons</subfield>
    <subfield code="h">[sound recording] /</subfield>
    <subfield code="c">the Nat King Cole Trio.</subfield>
  </datafield>
  <datafield tag="246" ind1="3" ind2=" ">
    <subfield code="a">Sentimental reasons</subfield>
  </datafield>
  <datafield tag="260" ind1=" " ind2=" ">
    <subfield code="a">London, England :</subfield>
    <subfield code="b">President,</subfield>
    <subfield code="c">p1997.</subfield>
  </datafield>
  <datafield tag="300" ind1=" " ind2=" ">
    <subfield code="a">1 sound disc :</subfield>
    <subfield code="b">digital ;</subfield>
    <subfield code="c">4 3/4 in.</subfield>
  </datafield>
  <datafield tag="500" ind1=" " ind2=" ">
    <subfield code="a">Jazz vocals.</subfield>
  </datafield>
  <datafield tag="511" ind1="0" ind2=" ">
    <subfield code="a">Nat King Cole Trio is: Nat King Cole, vocals, piano ; Oscar Moore, guitar ; Johnny Miller, bass ; with assisting musicians.</subfield>
  </datafield>
  <datafield tag="518" ind1=" " ind2=" ">
    <subfield code="a">Recorded Mar. 15-Dec. 18, 1946 in Los Angeles, Calif. and New York, N.Y.</subfield>
  </datafield>
  <datafield tag="500" ind1=" " ind2=" ">
    <subfield code="a">Previously released selections.</subfield>
  </datafield>
  <datafield tag="500" ind1=" " ind2=" ">
    <subfield code="a">Compact disc; digital remastering at Masterpiece Studios, London.</subfield>
  </datafield>
  <datafield tag="500" ind1=" " ind2=" ">
    <subfield code="a">Discography, ensemble history and program notes in container.</subfield>
  </datafield>
  <datafield tag="505" ind1="0" ind2=" ">
    <subfield code="a">I&apos;m in the mood for love -- I don&apos;t know why (I just do) -- Everyone is saying hello again (Why must we say goodbye) -- (Get your kicks on) Route 66 -- I&apos;ve got the world on a string -- Just you, just me -- What can I say after I say I&apos;m sorry -- To a wild rose -- Too marvellous for words -- Loan me two till Tuesday -- How does it feel? -- Could-ja -- Baby, baby all the time -- Rex rhumba (Rhumba a la king) -- On the sunny side of the street -- I&apos;d love to make love to you -- How deep is the ocean? --  You call it madness (but I call it love) -- But she&apos;s my buddy&apos;s chick -- The best man -- (I love you) For sentimental reasons -- In the cool of evening -- You&apos;re the cream in my coffee -- The Christmas song.</subfield>
  </datafield>
  <datafield tag="650" ind1=" " ind2="0">
    <subfield code="a">Jazz vocals.</subfield>
  </datafield>
  <datafield tag="650" ind1=" " ind2="0">
    <subfield code="a">Jazz</subfield>
    <subfield code="y">1941-1950.</subfield>
  </datafield>
  <datafield tag="650" ind1=" " ind2="0">
    <subfield code="a">Popular music</subfield>
    <subfield code="y">1941-1950.</subfield>
  </datafield>
  <datafield tag="700" ind1="1" ind2=" ">
    <subfield code="a">Cole, Nat King,</subfield>
    <subfield code="d">1919-1965.</subfield>
  </datafield>
</record>