
<record>
  <leader>01827cjm a2200421 a 4500</leader>
  <controlfield tag="001">   00272479 </controlfield>
  <controlfield tag="003">DLC</controlfield>
  <controlfield tag="005">20050405172142.0</controlfield>
  <controlfield tag="007">sd fsngnnmmneu</controlfield>
  <controlfield tag="008">000320s1999    enkchn|  i        | fre d</controlfield>
  <datafield tag="010" ind1=" " ind2=" ">
    <subfield code="a">   00272479 </subfield>
  </datafield>
  <datafield tag="024" ind1="1" ind2=" ">
    <subfield code="a">743625106725</subfield>
  </datafield>
  <datafield tag="028" ind1="0" ind2="3">
    <subfield code="a">CD DCA 1067</subfield>
    <subfield code="b">ASV Digital</subfield>
  </datafield>
  <datafield tag="035" ind1=" " ind2=" ">
    <subfield code="a">(OCoLC)ocm44871001</subfield>
  </datafield>
  <datafield tag="040" ind1=" " ind2=" ">
    <subfield code="a">IAC</subfield>
    <subfield code="c">IAC</subfield>
    <subfield code="d">OCL</subfield>
    <subfield code="d">DLC</subfield>
  </datafield>
  <datafield tag="041" ind1="0" ind2=" ">
    <subfield code="a">fre</subfield>
    <subfield code="e">freeng</subfield>
  </datafield>
  <datafield tag="042" ind1=" " ind2=" ">
    <subfield code="a">lccopycat</subfield>
  </datafield>
  <datafield tag="050" ind1="0" ind2="0">
    <subfield code="a">SDA 09087</subfield>
  </datafield>
  <datafield tag="100" ind1="1" ind2=" ">
    <subfield code="a">Poulenc, Francis,</subfield>
    <subfield code="d">1899-1963.</subfield>
  </datafield>
  <datafield tag="240" ind1="1" ind2="0">
    <subfield code="a">Choral music.</subfield>
    <subfield code="k">Selections</subfield>
  </datafield>
  <datafield tag="245" ind1="1" ind2="0">
    <subfield code="a">Choral music</subfield>
    <subfield code="h">[sound recording] /</subfield>
    <subfield code="c">Poulenc.</subfield>
  </datafield>
  <datafield tag="260" ind1=" " ind2=" ">
    <subfield code="a">London, England :</subfield>
    <subfield code="b">ASV Digital,</subfield>
    <subfield code="c">p1999.</subfield>
  </datafield>
  <datafield tag="300" ind1=" " ind2=" ">
    <subfield code="a">1 sound disc :</subfield>
    <subfield code="b">digital ;</subfield>
    <subfield code="c">4 3/4 in.</subfield>
  </datafield>
  <datafield tag="500" ind1=" " ind2=" ">
    <subfield code="a">Program notes by Nicholas Rast ([21] p.) inserted in container.</subfield>
  </datafield>
  <datafield tag="511" ind1="0" ind2=" ">
    <subfield code="a">Joyful Company of Singers ; Peter Broadbent, conductor.</subfield>
  </datafield>
  <datafield tag="500" ind1=" " ind2=" ">
    <subfield code="a">Compact disc.</subfield>
  </datafield>
  <datafield tag="505" ind1="0" ind2=" ">
    <subfield code="a">Sept Chansons (1936)-- Ave verum corpus (1952) -- Salve Regina (1941) -- Exultate deo (1941) -- Figure Humaine (1943) -- Quatre petites prières de Saint François d&apos;Assise (1948) -- Un soire de neige (1944) -- Quatre motets pour le temps de noël (1951-52).</subfield>
  </datafield>
  <datafield tag="650" ind1=" " ind2="0">
    <subfield code="a">Choruses (Mixed voices)</subfield>
  </datafield>
  <datafield tag="700" ind1="1" ind2=" ">
    <subfield code="a">Broadbent, Peter.</subfield>
    <subfield code="4">cnd</subfield>
  </datafield>
  <datafield tag="700" ind1="1" ind2="2">
    <subfield code="a">Poulenc, Francis,</subfield>
    <subfield code="d">1899-1963.</subfield>
    <subfield code="t">Chansons,</subfield>
    <subfield code="m">mixed voices.</subfield>
  </datafield>
  <datafield tag="700" ind1="1" ind2="2">
    <subfield code="a">Poulenc, Francis,</subfield>
    <subfield code="d">1899-1963.</subfield>
    <subfield code="t">Ave verum corpus.</subfield>
  </datafield>
  <datafield tag="700" ind1="1" ind2="2">
    <subfield code="a">Poulenc, Francis,</subfield>
    <subfield code="d">1899-1963.</subfield>
    <subfield code="t">Salve Regina.</subfield>
  </datafield>
  <datafield tag="700" ind1="1" ind2="2">
    <subfield code="a">Poulenc, Francis,</subfield>
    <subfield code="d">1899-1963.</subfield>
    <subfield code="t">Exultate Deo.</subfield>
  </datafield>
  <datafield tag="700" ind1="1" ind2="2">
    <subfield code="a">Poulenc, Francis,</subfield>
    <subfield code="d">1899-1963.</subfield>
    <subfield code="t">Figure humaine.</subfield>
  </datafield>
  <datafield tag="700" ind1="1" ind2="2">
    <subfield code="a">Poulenc, Francis,</subfield>
    <subfield code="d">1899-1963.</subfield>
    <subfield code="t">Petites prières de saint François d&apos;Assise.</subfield>
  </datafield>
  <datafield tag="700" ind1="1" ind2="2">
    <subfield code="a">Poulenc, Francis,</subfield>
    <subfield code="d">1899-1963.</subfield>
    <subfield code="t">Soir de neige.</subfield>
  </datafield>
  <datafield tag="700" ind1="1" ind2="2">
    <subfield code="a">Poulenc, Francis,</subfield>
    <subfield code="d">1899-1963.</subfield>
    <subfield code="t">Motets pour le temps de Noël.</subfield>
  </datafield>
  <datafield tag="710" ind1="2" ind2=" ">
    <subfield code="a">Joyful Company of Singers.</subfield>
    <subfield code="4">prf</subfield>
  </datafield>
</record>