
<record>
  <leader>02529cjm a22005891a 4500</leader>
  <controlfield tag="001">   00272542 </controlfield>
  <controlfield tag="003">DLC</controlfield>
  <controlfield tag="005">20130525081505.0</controlfield>
  <controlfield tag="007">sd|fsngnnmmned</controlfield>
  <controlfield tag="008">000517p19991998fi con              eng d</controlfield>
  <datafield tag="010" ind1=" " ind2=" ">
    <subfield code="a">   00272542 </subfield>
  </datafield>
  <datafield tag="024" ind1="1" ind2=" ">
    <subfield code="a">761195092125</subfield>
  </datafield>
  <datafield tag="028" ind1="0" ind2="2">
    <subfield code="a">ODE 921-2</subfield>
    <subfield code="b">Ondine</subfield>
  </datafield>
  <datafield tag="033" ind1="1" ind2="0">
    <subfield code="a">199809--</subfield>
    <subfield code="a">199810--</subfield>
    <subfield code="b">6964</subfield>
    <subfield code="c">H4</subfield>
  </datafield>
  <datafield tag="035" ind1=" " ind2=" ">
    <subfield code="a">(OCoLC)ocm42082702</subfield>
  </datafield>
  <datafield tag="040" ind1=" " ind2=" ">
    <subfield code="a">NPL</subfield>
    <subfield code="c">NPL</subfield>
    <subfield code="d">OBE</subfield>
    <subfield code="d">MVP</subfield>
    <subfield code="d">DLC</subfield>
  </datafield>
  <datafield tag="041" ind1="0" ind2=" ">
    <subfield code="d">eng</subfield>
    <subfield code="g">engfregerfin</subfield>
    <subfield code="h">fin</subfield>
  </datafield>
  <datafield tag="042" ind1=" " ind2=" ">
    <subfield code="a">lcderive</subfield>
  </datafield>
  <datafield tag="045" ind1="1" ind2=" ">
    <subfield code="b">d1968</subfield>
    <subfield code="b">d1975</subfield>
    <subfield code="b">d1997</subfield>
  </datafield>
  <datafield tag="048" ind1=" " ind2=" ">
    <subfield code="a">oa</subfield>
  </datafield>
  <datafield tag="048" ind1=" " ind2=" ">
    <subfield code="a">oa</subfield>
    <subfield code="b">wa01</subfield>
  </datafield>
  <datafield tag="048" ind1=" " ind2=" ">
    <subfield code="a">ca04</subfield>
    <subfield code="a">oa</subfield>
  </datafield>
  <datafield tag="050" ind1="0" ind2="0">
    <subfield code="a">SDA 13923</subfield>
  </datafield>
  <datafield tag="100" ind1="1" ind2=" ">
    <subfield code="a">Rautavaara, Einojuhani,</subfield>
    <subfield code="d">1928-</subfield>
  </datafield>
  <datafield tag="240" ind1="1" ind2="0">
    <subfield code="a">Works.</subfield>
    <subfield code="k">Selections</subfield>
  </datafield>
  <datafield tag="245" ind1="1" ind2="0">
    <subfield code="a">On the last frontier</subfield>
    <subfield code="h">[sound recording] ;</subfield>
    <subfield code="b">Flute concerto ; Anadyomene /</subfield>
    <subfield code="c">Rautavaara.</subfield>
  </datafield>
  <datafield tag="260" ind1=" " ind2=" ">
    <subfield code="a">Helsinki :</subfield>
    <subfield code="b">Ondine,</subfield>
    <subfield code="c">p1999.</subfield>
  </datafield>
  <datafield tag="300" ind1=" " ind2=" ">
    <subfield code="a">1 sound disc :</subfield>
    <subfield code="b">digital ;</subfield>
    <subfield code="c">4 3/4 in.</subfield>
  </datafield>
  <datafield tag="306" ind1=" " ind2=" ">
    <subfield code="a">001213</subfield>
    <subfield code="a">002253</subfield>
    <subfield code="a">002401</subfield>
  </datafield>
  <datafield tag="500" ind1=" " ind2=" ">
    <subfield code="a">The 1st and 3rd works reversed on label.</subfield>
  </datafield>
  <datafield tag="500" ind1=" " ind2=" ">
    <subfield code="a">On the last frontier a setting for chorus and orchestra of an excerpt from Poe&apos;s The narrative of Arthur Gordon Pym; Anadyomene for orchestra.</subfield>
  </datafield>
  <datafield tag="546" ind1=" " ind2=" ">
    <subfield code="a">On the last frontier sung in English.</subfield>
  </datafield>
  <datafield tag="511" ind1="0" ind2=" ">
    <subfield code="a">Patrick Gallois, flute (1st work) ; Finnish Philharmonic Choir (3rd work) ; Helsinki Philharmonic Orchestra ; Leif Segerstam, conductor.</subfield>
  </datafield>
  <datafield tag="518" ind1=" " ind2=" ">
    <subfield code="a">Concerto recorded Sept. 1998, Finlandia Hall, Helsinki ; other works recorded Oct. 1998, House of Culture, Helsinki.</subfield>
  </datafield>
  <datafield tag="500" ind1=" " ind2=" ">
    <subfield code="a">Compact disc.</subfield>
  </datafield>
  <datafield tag="500" ind1=" " ind2=" ">
    <subfield code="a">Program notes by the composer in English, German, French, and Finnish (22 p.) in container.</subfield>
  </datafield>
  <datafield tag="505" ind1="0" ind2="0">
    <subfield code="t">Anadyomene :</subfield>
    <subfield code="t">Adoration of Aphrodite</subfield>
    <subfield code="g">(12:13) --</subfield>
    <subfield code="t">Flute concerto, op. 63 :</subfield>
    <subfield code="t">Dances with the winds</subfield>
    <subfield code="g">(22:53) --</subfield>
    <subfield code="t">On the last frontier :</subfield>
    <subfield code="g">a</subfield>
    <subfield code="t">fantasy for chorus and orchestra</subfield>
    <subfield code="g">(24:01).</subfield>
  </datafield>
  <datafield tag="650" ind1=" " ind2="0">
    <subfield code="a">Orchestral music.</subfield>
  </datafield>
  <datafield tag="650" ind1=" " ind2="0">
    <subfield code="a">Concertos (Flute)</subfield>
  </datafield>
  <datafield tag="650" ind1=" " ind2="0">
    <subfield code="a">Choruses, Secular (Mixed voices) with orchestra.</subfield>
  </datafield>
  <datafield tag="600" ind1="1" ind2="0">
    <subfield code="a">Poe, Edgar Allan,</subfield>
    <subfield code="d">1809-1849</subfield>
    <subfield code="v">Musical settings.</subfield>
  </datafield>
  <datafield tag="700" ind1="1" ind2=" ">
    <subfield code="a">Poe, Edgar Allan,</subfield>
    <subfield code="d">1809-1849.</subfield>
  </datafield>
  <datafield tag="700" ind1="1" ind2=" ">
    <subfield code="a">Gallois, Patrick.</subfield>
    <subfield code="4">itr</subfield>
  </datafield>
  <datafield tag="700" ind1="1" ind2=" ">
    <subfield code="a">Segerstam, Leif.</subfield>
    <subfield code="4">itr</subfield>
  </datafield>
  <datafield tag="700" ind1="1" ind2="2">
    <subfield code="a">Rautavaara, Einojuhani,</subfield>
    <subfield code="d">1928-</subfield>
    <subfield code="t">Anadyomene.</subfield>
  </datafield>
  <datafield tag="700" ind1="1" ind2="2">
    <subfield code="a">Rautavaara, Einojuhani,</subfield>
    <subfield code="d">1928-</subfield>
    <subfield code="t">Concertos,</subfield>
    <subfield code="m">flute, orchestra.</subfield>
  </datafield>
  <datafield tag="700" ind1="1" ind2="2">
    <subfield code="a">Rautavaara, Einojuhani,</subfield>
    <subfield code="d">1928-</subfield>
    <subfield code="t">On the last frontier.</subfield>
  </datafield>
  <datafield tag="710" ind1="2" ind2=" ">
    <subfield code="a">Suomen filharmoninen kuoro.</subfield>
    <subfield code="4">prf</subfield>
  </datafield>
  <datafield tag="710" ind1="2" ind2=" ">
    <subfield code="a">Helsingin kaupunginorkesteri.</subfield>
    <subfield code="4">prf</subfield>
  </datafield>
  <datafield tag="740" ind1="0" ind2="2">
    <subfield code="a">Anadyomene.</subfield>
  </datafield>
  <datafield tag="740" ind1="0" ind2="2">
    <subfield code="a">Adoration of Aphrodite.</subfield>
  </datafield>
  <datafield tag="740" ind1="0" ind2="2">
    <subfield code="a">Dances with the winds.</subfield>
  </datafield>
</record>