
<record>
  <leader>01848cjm a22003497a 4500</leader>
  <controlfield tag="001">   00272543 </controlfield>
  <controlfield tag="003">DLC</controlfield>
  <controlfield tag="005">20041104101355.0</controlfield>
  <controlfield tag="007">sd fsngnnmmneu</controlfield>
  <controlfield tag="008">000602s1999    enkjzn   fi         eng d</controlfield>
  <datafield tag="010" ind1=" " ind2=" ">
    <subfield code="a">   00272543 </subfield>
  </datafield>
  <datafield tag="024" ind1="1" ind2=" ">
    <subfield code="a">641654762724</subfield>
  </datafield>
  <datafield tag="028" ind1="0" ind2="2">
    <subfield code="a">DGF27</subfield>
    <subfield code="b">Frog</subfield>
  </datafield>
  <datafield tag="035" ind1=" " ind2=" ">
    <subfield code="a">(OCoLC)ocm52232774</subfield>
  </datafield>
  <datafield tag="040" ind1=" " ind2=" ">
    <subfield code="a">CUS</subfield>
    <subfield code="c">CUS</subfield>
    <subfield code="d">DLC</subfield>
  </datafield>
  <datafield tag="042" ind1=" " ind2=" ">
    <subfield code="a">lccopycat</subfield>
  </datafield>
  <datafield tag="050" ind1="0" ind2="0">
    <subfield code="a">SDB 09350</subfield>
  </datafield>
  <datafield tag="110" ind1="2" ind2=" ">
    <subfield code="a">McKinney&apos;s Cotton Pickers.</subfield>
    <subfield code="4">prf</subfield>
  </datafield>
  <datafield tag="245" ind1="1" ind2="0">
    <subfield code="a">McKinney&apos;s Cotton Pickers.</subfield>
    <subfield code="n">Volume 3,</subfield>
    <subfield code="p">The alternate masters</subfield>
    <subfield code="h">[sound recording].</subfield>
  </datafield>
  <datafield tag="246" ind1="3" ind2="0">
    <subfield code="a">Alternate masters</subfield>
  </datafield>
  <datafield tag="246" ind1="1" ind2=" ">
    <subfield code="i">Title on container:</subfield>
    <subfield code="a">Shag nasty</subfield>
  </datafield>
  <datafield tag="260" ind1=" " ind2=" ">
    <subfield code="a">[England?] :</subfield>
    <subfield code="b">Frog,</subfield>
    <subfield code="c">p1999.</subfield>
  </datafield>
  <datafield tag="300" ind1=" " ind2=" ">
    <subfield code="a">1 sound disc :</subfield>
    <subfield code="b">digital ;</subfield>
    <subfield code="c">4 3/4 in.</subfield>
  </datafield>
  <datafield tag="500" ind1=" " ind2=" ">
    <subfield code="a">Jazz.</subfield>
  </datafield>
  <datafield tag="511" ind1="0" ind2=" ">
    <subfield code="a">McKinney&apos;s Cotton Pickers (1st-8th, 13th-25th works) ; Chocolate Dandies (9th-12th works).</subfield>
  </datafield>
  <datafield tag="518" ind1=" " ind2=" ">
    <subfield code="a">Recorded in Camden, New Jersey in 1931 (1st-4th, 22nd-25th works), in Chicago in July 1928 (5th-8th works), and in New York from October 1928 to Nov. 1930 (9th-21st works).</subfield>
  </datafield>
  <datafield tag="500" ind1=" " ind2=" ">
    <subfield code="a">Program notes in English inserted in container.</subfield>
  </datafield>
  <datafield tag="500" ind1=" " ind2=" ">
    <subfield code="a">Compact disc.</subfield>
  </datafield>
  <datafield tag="505" ind1="0" ind2=" ">
    <subfield code="a">It&apos;s a lonesome old town -- She&apos;s my secret passion -- Do you believe in love at sight? -- Wrap your troubles in dreams -- Shag nasty -- Milenberg joys -- Cherry -- Neckbones and sauerkraut -- Paducah -- Stardust -- Birmingham breakdown -- Four or five times -- Wherever there&apos;s a will there&apos;s a way -- If I could be with you one hour tonight -- Honeysuckle rose -- I want a little girl -- I want a little girl -- Talk to me -- Laughing at life -- Never swat a fly -- I want your love -- It&apos;s a lonesome old town -- She&apos;s my secret passion -- Do you believe in love at sight? -- Wrap your troubles in dreams.</subfield>
  </datafield>
  <datafield tag="650" ind1=" " ind2="0">
    <subfield code="a">Jazz</subfield>
    <subfield code="y">1921-1930.</subfield>
  </datafield>
  <datafield tag="650" ind1=" " ind2="0">
    <subfield code="a">Jazz</subfield>
    <subfield code="y">1931-1940.</subfield>
  </datafield>
  <datafield tag="830" ind1=" " ind2="0">
    <subfield code="a">McKinney&apos;s Cotton Pickers</subfield>
  </datafield>
</record>