
<record>
  <leader>02719cjm a22005651a 4500</leader>
  <controlfield tag="001">   00272547 </controlfield>
  <controlfield tag="003">DLC</controlfield>
  <controlfield tag="005">20130525081507.0</controlfield>
  <controlfield tag="007">sd|fsngnnmmned</controlfield>
  <controlfield tag="008">000602p19991995gw sgn   efi        und d</controlfield>
  <datafield tag="010" ind1=" " ind2=" ">
    <subfield code="a">   00272547 </subfield>
  </datafield>
  <datafield tag="024" ind1="1" ind2=" ">
    <subfield code="a">782124120320</subfield>
  </datafield>
  <datafield tag="028" ind1="0" ind2="2">
    <subfield code="a">0012032KAI</subfield>
    <subfield code="b">Kairos</subfield>
  </datafield>
  <datafield tag="033" ind1="1" ind2="0">
    <subfield code="a">19951101</subfield>
    <subfield code="a">1997----</subfield>
    <subfield code="a">19980211</subfield>
    <subfield code="a">19980429</subfield>
    <subfield code="b">6494</subfield>
    <subfield code="c">V4</subfield>
  </datafield>
  <datafield tag="035" ind1=" " ind2=" ">
    <subfield code="a">(OCoLC)ocm44715116</subfield>
  </datafield>
  <datafield tag="040" ind1=" " ind2=" ">
    <subfield code="a">OBE</subfield>
    <subfield code="c">OBE</subfield>
    <subfield code="d">DLC</subfield>
  </datafield>
  <datafield tag="041" ind1="0" ind2=" ">
    <subfield code="d">und</subfield>
    <subfield code="g">engfreger</subfield>
  </datafield>
  <datafield tag="042" ind1=" " ind2=" ">
    <subfield code="a">lcderive</subfield>
  </datafield>
  <datafield tag="050" ind1="0" ind2="0">
    <subfield code="a">SDA 13175</subfield>
  </datafield>
  <datafield tag="100" ind1="1" ind2=" ">
    <subfield code="a">Scelsi, Giacinto,</subfield>
    <subfield code="d">1905-1988.</subfield>
  </datafield>
  <datafield tag="240" ind1="1" ind2="0">
    <subfield code="a">Works.</subfield>
    <subfield code="k">Selections</subfield>
  </datafield>
  <datafield tag="245" ind1="1" ind2="0">
    <subfield code="a">Yamaon</subfield>
    <subfield code="h">[sound recording] ;</subfield>
    <subfield code="b">Anahit ; I presagi ; Tre pezzi ; Okanagon /</subfield>
    <subfield code="c">Giacinto Scelsi.</subfield>
  </datafield>
  <datafield tag="260" ind1=" " ind2=" ">
    <subfield code="a">[Germany?] :</subfield>
    <subfield code="b">Kairos,</subfield>
    <subfield code="c">p1999.</subfield>
  </datafield>
  <datafield tag="300" ind1=" " ind2=" ">
    <subfield code="a">1 sound disc :</subfield>
    <subfield code="b">digital ;</subfield>
    <subfield code="c">4 3/4 in.</subfield>
  </datafield>
  <datafield tag="306" ind1=" " ind2=" ">
    <subfield code="a">001202</subfield>
    <subfield code="a">001344</subfield>
    <subfield code="a">001330</subfield>
    <subfield code="a">000926</subfield>
    <subfield code="a">000833</subfield>
  </datafield>
  <datafield tag="500" ind1=" " ind2=" ">
    <subfield code="a">The 1st work for bass voice, alto saxophone, tenor saxophone, contrabassoon, percussion (2 players), and double bass; the 2nd for violin and 18 instruments; the 3rd for 2 horns, 2 trumpets, 2 trombones, 2 tubas, saxophone, percussion (2 players), and wind machines; the 4th for soprano saxophone; the 5th for harp, tam-tam, and double bass.</subfield>
  </datafield>
  <datafield tag="546" ind1=" " ind2=" ">
    <subfield code="a">Text of the 1st work consists of various vowels, consonants, and syllables.</subfield>
  </datafield>
  <datafield tag="511" ind1="0" ind2=" ">
    <subfield code="a">Roland Hermann, baritone ; Annette Bik, violin ; Pierre-Stéphane Meugé, saxophone ; Klangforum Wien ; Hans Zender, conductor.</subfield>
  </datafield>
  <datafield tag="518" ind1=" " ind2=" ">
    <subfield code="a">Recorded in Vienna: Nov. 1, 1995, Mozartsaal, Konzerthaus (2nd-3rd works); 1997, Schottenstift (4th work); Feb. 11, 1998, Casino Zögernitz (1st work); and Apr. 29, 1998, Thomas Morus Kirche (5th work).</subfield>
  </datafield>
  <datafield tag="500" ind1=" " ind2=" ">
    <subfield code="a">Compact disc.</subfield>
  </datafield>
  <datafield tag="500" ind1=" " ind2=" ">
    <subfield code="a">Durations: 12:02; 13:44; 13:30; 9:26; 8:33.</subfield>
  </datafield>
  <datafield tag="500" ind1=" " ind2=" ">
    <subfield code="a">Program notes, in part by Hans Zender, and biographical notes on the composer and performers, in English, French, and German (30 p. : ports.) bound in container.</subfield>
  </datafield>
  <datafield tag="650" ind1=" " ind2="0">
    <subfield code="a">Vocalises (Medium voice) with instrumental ensemble.</subfield>
  </datafield>
  <datafield tag="650" ind1=" " ind2="0">
    <subfield code="a">Violin with chamber orchestra.</subfield>
  </datafield>
  <datafield tag="650" ind1=" " ind2="0">
    <subfield code="a">Instrumental ensembles.</subfield>
  </datafield>
  <datafield tag="650" ind1=" " ind2="0">
    <subfield code="a">Saxophone music.</subfield>
  </datafield>
  <datafield tag="650" ind1=" " ind2="0">
    <subfield code="a">Trios (Harp, tam-tam, double bass)</subfield>
  </datafield>
  <datafield tag="700" ind1="1" ind2=" ">
    <subfield code="a">Hermann, Roland.</subfield>
    <subfield code="4">voc</subfield>
  </datafield>
  <datafield tag="700" ind1="1" ind2=" ">
    <subfield code="a">Bik, Annette,</subfield>
    <subfield code="d">1962-</subfield>
    <subfield code="4">itr</subfield>
  </datafield>
  <datafield tag="700" ind1="1" ind2=" ">
    <subfield code="a">Meugé, Pierre-Stéphane,</subfield>
    <subfield code="d">1964-</subfield>
    <subfield code="4">itr</subfield>
  </datafield>
  <datafield tag="700" ind1="1" ind2=" ">
    <subfield code="a">Zender, Hans.</subfield>
    <subfield code="4">cnd</subfield>
  </datafield>
  <datafield tag="700" ind1="1" ind2="2">
    <subfield code="a">Scelsi, Giacinto,</subfield>
    <subfield code="d">1905-1988.</subfield>
    <subfield code="t">Yamaon.</subfield>
  </datafield>
  <datafield tag="700" ind1="1" ind2="2">
    <subfield code="a">Scelsi, Giacinto,</subfield>
    <subfield code="d">1905-1988.</subfield>
    <subfield code="t">Anahit.</subfield>
  </datafield>
  <datafield tag="700" ind1="1" ind2="2">
    <subfield code="a">Scelsi, Giacinto,</subfield>
    <subfield code="d">1905-1988.</subfield>
    <subfield code="t">Presagi.</subfield>
  </datafield>
  <datafield tag="700" ind1="1" ind2="2">
    <subfield code="a">Scelsi, Giacinto,</subfield>
    <subfield code="d">1905-1988.</subfield>
    <subfield code="t">Pezzi,</subfield>
    <subfield code="m">saxophone.</subfield>
  </datafield>
  <datafield tag="700" ind1="1" ind2="2">
    <subfield code="a">Scelsi, Giacinto,</subfield>
    <subfield code="d">1905-1988.</subfield>
    <subfield code="t">Okanagon.</subfield>
  </datafield>
  <datafield tag="710" ind1="2" ind2=" ">
    <subfield code="a">Klangforum Wien.</subfield>
    <subfield code="4">prf</subfield>
  </datafield>
  <datafield tag="740" ind1="0" ind2="2">
    <subfield code="a">Anahit.</subfield>
  </datafield>
  <datafield tag="740" ind1="0" ind2="2">
    <subfield code="a">Presagi.</subfield>
  </datafield>
  <datafield tag="740" ind1="0" ind2="2">
    <subfield code="a">Okanagon.</subfield>
  </datafield>
</record>