
<record>
  <leader>02636cjm a22005891a 4500</leader>
  <controlfield tag="001">   00272548 </controlfield>
  <controlfield tag="003">DLC</controlfield>
  <controlfield tag="005">20130525081508.0</controlfield>
  <controlfield tag="007">sd|fsngnnmmned</controlfield>
  <controlfield tag="008">000510t19981989enksgn   efhi           d</controlfield>
  <datafield tag="010" ind1=" " ind2=" ">
    <subfield code="a">   00272548 </subfield>
  </datafield>
  <datafield tag="024" ind1="1" ind2=" ">
    <subfield code="a">095115711224</subfield>
  </datafield>
  <datafield tag="028" ind1="0" ind2="2">
    <subfield code="a">Chan 7112</subfield>
    <subfield code="b">Chandos</subfield>
  </datafield>
  <datafield tag="035" ind1=" " ind2=" ">
    <subfield code="a">(OCoLC)ocm42896009</subfield>
  </datafield>
  <datafield tag="040" ind1=" " ind2=" ">
    <subfield code="a">ISM</subfield>
    <subfield code="c">ISM</subfield>
    <subfield code="d">DLC</subfield>
  </datafield>
  <datafield tag="041" ind1="0" ind2=" ">
    <subfield code="d">freeng</subfield>
    <subfield code="e">freengger</subfield>
    <subfield code="h">freeng</subfield>
    <subfield code="g">engfreger</subfield>
    <subfield code="h">eng</subfield>
  </datafield>
  <datafield tag="042" ind1=" " ind2=" ">
    <subfield code="a">lcderive</subfield>
  </datafield>
  <datafield tag="048" ind1=" " ind2=" ">
    <subfield code="a">oc</subfield>
    <subfield code="b">va01</subfield>
  </datafield>
  <datafield tag="048" ind1=" " ind2=" ">
    <subfield code="a">oa</subfield>
    <subfield code="b">va01</subfield>
  </datafield>
  <datafield tag="048" ind1=" " ind2=" ">
    <subfield code="a">ba01</subfield>
    <subfield code="a">oc</subfield>
    <subfield code="b">vd01</subfield>
  </datafield>
  <datafield tag="050" ind1="0" ind2="0">
    <subfield code="a">SDA 13924</subfield>
  </datafield>
  <datafield tag="100" ind1="1" ind2=" ">
    <subfield code="a">Britten, Benjamin,</subfield>
    <subfield code="d">1913-1976.</subfield>
  </datafield>
  <datafield tag="240" ind1="1" ind2="0">
    <subfield code="a">Vocal music.</subfield>
    <subfield code="k">Selections</subfield>
  </datafield>
  <datafield tag="245" ind1="1" ind2="4">
    <subfield code="a">Les illuminations, [op. 18]</subfield>
    <subfield code="h">[sound recording] ;</subfield>
    <subfield code="b">Quatre chansons françaises ; Serenade for tenor, horn &amp; strings, [op. 31] /</subfield>
    <subfield code="c">Benjamin Britten.</subfield>
  </datafield>
  <datafield tag="260" ind1=" " ind2=" ">
    <subfield code="a">Colchester, Essex, England :</subfield>
    <subfield code="b">Chandos,</subfield>
    <subfield code="c">1998,p1989.</subfield>
  </datafield>
  <datafield tag="300" ind1=" " ind2=" ">
    <subfield code="a">1 sound disc (59 min.) :</subfield>
    <subfield code="b">digital ;</subfield>
    <subfield code="c">4 3/4 in.</subfield>
  </datafield>
  <datafield tag="306" ind1=" " ind2=" ">
    <subfield code="a">002340</subfield>
    <subfield code="a">001301</subfield>
    <subfield code="a">002220</subfield>
  </datafield>
  <datafield tag="500" ind1=" " ind2=" ">
    <subfield code="a">The 1st work is a song cycle; both the 1st and 2nd works are for soprano and string orchestra.</subfield>
  </datafield>
  <datafield tag="500" ind1=" " ind2=" ">
    <subfield code="a">The 1st-2nd works sung in French; the 3rd in English.</subfield>
  </datafield>
  <datafield tag="500" ind1=" " ind2=" ">
    <subfield code="a">The 1st work has a text by Arthur Rimbaud.</subfield>
  </datafield>
  <datafield tag="511" ind1="0" ind2=" ">
    <subfield code="a">Felicity Lott, soprano (1st-2nd works) ; Anthony Rolfe Johnson, tenor (3rd work) ; Michael Thompson, horn (3rd work) ; Royal Scottish National Orchestra ; Bryden Thomson, conductor.</subfield>
  </datafield>
  <datafield tag="518" ind1=" " ind2=" ">
    <subfield code="a">Recorded in Henry Wood Hall, Glasgow, Aug. 8-9, 1988.</subfield>
  </datafield>
  <datafield tag="500" ind1=" " ind2=" ">
    <subfield code="a">Editions recorded: Boosey &amp; Hawkes (1st and 3rd works); Faber Music Ltd (2nd work)</subfield>
  </datafield>
  <datafield tag="500" ind1=" " ind2=" ">
    <subfield code="a">Compact disc.</subfield>
  </datafield>
  <datafield tag="500" ind1=" " ind2=" ">
    <subfield code="a">Durations: 23:40; 13:01; 22:20.</subfield>
  </datafield>
  <datafield tag="500" ind1=" " ind2=" ">
    <subfield code="a">Program notes in English with French and German translations and texts with English, French, and German translations (40 p. : ill.) inserted in container.</subfield>
  </datafield>
  <datafield tag="650" ind1=" " ind2="0">
    <subfield code="a">Songs (High voice) with string orchestra.</subfield>
  </datafield>
  <datafield tag="650" ind1=" " ind2="0">
    <subfield code="a">Song cycles.</subfield>
  </datafield>
  <datafield tag="600" ind1="1" ind2="0">
    <subfield code="a">Rimbaud, Arthur,</subfield>
    <subfield code="d">1854-1891</subfield>
    <subfield code="v">Musical settings.</subfield>
  </datafield>
  <datafield tag="650" ind1=" " ind2="0">
    <subfield code="a">Songs (High voice) with orchestra.</subfield>
  </datafield>
  <datafield tag="700" ind1="1" ind2=" ">
    <subfield code="a">Rimbaud, Arthur,</subfield>
    <subfield code="d">1854-1891.</subfield>
  </datafield>
  <datafield tag="700" ind1="1" ind2=" ">
    <subfield code="a">Lott, Felicity.</subfield>
    <subfield code="4">prf</subfield>
  </datafield>
  <datafield tag="700" ind1="1" ind2=" ">
    <subfield code="a">Rolfe Johnson, Anthony.</subfield>
    <subfield code="4">prf</subfield>
  </datafield>
  <datafield tag="700" ind1="1" ind2=" ">
    <subfield code="a">Thompson, Michael</subfield>
    <subfield code="c">(Horn player)</subfield>
    <subfield code="4">prf</subfield>
  </datafield>
  <datafield tag="700" ind1="1" ind2=" ">
    <subfield code="a">Thomson, Bryden.</subfield>
    <subfield code="4">cnd</subfield>
  </datafield>
  <datafield tag="700" ind1="1" ind2="2">
    <subfield code="a">Britten, Benjamin,</subfield>
    <subfield code="d">1913-1976.</subfield>
    <subfield code="t">Illuminations.</subfield>
  </datafield>
  <datafield tag="700" ind1="1" ind2="2">
    <subfield code="a">Britten, Benjamin,</subfield>
    <subfield code="d">1913-1976.</subfield>
    <subfield code="t">Chansons françaises.</subfield>
  </datafield>
  <datafield tag="700" ind1="1" ind2="2">
    <subfield code="a">Britten, Benjamin,</subfield>
    <subfield code="d">1913-1976.</subfield>
    <subfield code="t">Serenade,</subfield>
    <subfield code="m">tenor, horn, string orchestra,</subfield>
    <subfield code="n">op. 31.</subfield>
  </datafield>
  <datafield tag="710" ind1="2" ind2=" ">
    <subfield code="a">Royal Scottish National Orchestra.</subfield>
    <subfield code="4">prf</subfield>
  </datafield>
  <datafield tag="740" ind1="0" ind2="2">
    <subfield code="a">Quatre chansons françaises.</subfield>
  </datafield>
  <datafield tag="740" ind1="0" ind2="2">
    <subfield code="a">4 chansons françaises.</subfield>
  </datafield>
  <datafield tag="740" ind1="0" ind2="2">
    <subfield code="a">Chansons françaises.</subfield>
  </datafield>
</record>