
<record>
  <leader>02676cjm a22005171a 4500</leader>
  <controlfield tag="001">   00272549 </controlfield>
  <controlfield tag="003">DLC</controlfield>
  <controlfield tag="005">20150502103918.0</controlfield>
  <controlfield tag="007">sd|fsngnnmmned</controlfield>
  <controlfield tag="008">000601p19991998au mun                  d</controlfield>
  <datafield tag="010" ind1=" " ind2=" ">
    <subfield code="a">   00272549 </subfield>
  </datafield>
  <datafield tag="024" ind1="3" ind2=" ">
    <subfield code="a">099923125822</subfield>
  </datafield>
  <datafield tag="024" ind1="1" ind2=" ">
    <subfield code="a">099923125822</subfield>
  </datafield>
  <datafield tag="028" ind1="0" ind2="2">
    <subfield code="a">3-1258-2</subfield>
    <subfield code="b">Koch Schwann</subfield>
  </datafield>
  <datafield tag="033" ind1="0" ind2="0">
    <subfield code="a">199805--</subfield>
    <subfield code="b">6564</subfield>
    <subfield code="c">F5</subfield>
  </datafield>
  <datafield tag="035" ind1=" " ind2=" ">
    <subfield code="a">(OCoLC)ocm45070487</subfield>
  </datafield>
  <datafield tag="040" ind1=" " ind2=" ">
    <subfield code="a">IXA</subfield>
    <subfield code="c">IXA</subfield>
    <subfield code="d">DLC</subfield>
  </datafield>
  <datafield tag="042" ind1=" " ind2=" ">
    <subfield code="a">lcderive</subfield>
  </datafield>
  <datafield tag="043" ind1=" " ind2=" ">
    <subfield code="a">e-sp---</subfield>
  </datafield>
  <datafield tag="048" ind1=" " ind2=" ">
    <subfield code="a">oc</subfield>
    <subfield code="b">ka01</subfield>
  </datafield>
  <datafield tag="048" ind1=" " ind2=" ">
    <subfield code="a">oc</subfield>
  </datafield>
  <datafield tag="050" ind1="0" ind2="0">
    <subfield code="a">SDA 13161</subfield>
  </datafield>
  <datafield tag="100" ind1="1" ind2=" ">
    <subfield code="a">Turina, Joaquín,</subfield>
    <subfield code="d">1882-1949.</subfield>
  </datafield>
  <datafield tag="240" ind1="1" ind2="0">
    <subfield code="a">Works.</subfield>
    <subfield code="k">Selections</subfield>
  </datafield>
  <datafield tag="245" ind1="1" ind2="0">
    <subfield code="a">Werke für Klavier und Kammerorchester</subfield>
    <subfield code="h">[sound recording] ;</subfield>
    <subfield code="b">Werke für Kammerorchester = Works for piano and chamber orchestra ; Works for chamber orchestra /</subfield>
    <subfield code="c">Joaquín Turina.</subfield>
  </datafield>
  <datafield tag="246" ind1="1" ind2=" ">
    <subfield code="i">Title on container:</subfield>
    <subfield code="a">Anadalusisiche Konzerte.</subfield>
  </datafield>
  <datafield tag="246" ind1="1" ind2=" ">
    <subfield code="i">Parallel title on container:</subfield>
    <subfield code="a">Andalusian concertos.</subfield>
  </datafield>
  <datafield tag="260" ind1=" " ind2=" ">
    <subfield code="a">[Austria] :</subfield>
    <subfield code="b">Koch Schwann,</subfield>
    <subfield code="c">p1999.</subfield>
  </datafield>
  <datafield tag="300" ind1=" " ind2=" ">
    <subfield code="a">1 sound disc :</subfield>
    <subfield code="b">digital ;</subfield>
    <subfield code="c">4 3/4 in.</subfield>
  </datafield>
  <datafield tag="500" ind1=" " ind2=" ">
    <subfield code="a">Works for string orchestra, in part with piano solo; the 4th work originally for 4 lutes; the 3rd and 5th works originally for piano solo.</subfield>
  </datafield>
  <datafield tag="511" ind1="0" ind2=" ">
    <subfield code="a">Isidro Barrio, piano, conductor ; Orquesta de Cámara de l&apos;Empordá.</subfield>
  </datafield>
  <datafield tag="518" ind1=" " ind2=" ">
    <subfield code="a">Recorded May 1998, Figueres, Spain.</subfield>
  </datafield>
  <datafield tag="500" ind1=" " ind2=" ">
    <subfield code="a">Compact disc.</subfield>
  </datafield>
  <datafield tag="505" ind1="0" ind2=" ">
    <subfield code="a">Rapsodia sinfónica : op. 66 (11:14) -- La Anunciación : op. 27 (8:58) -- El Jueves Santo a media moche : para piano y orquesta da cámara = Gründonnerstag : für Klavier und Kammerorchestra = Maundy Thursday : for piano and chamber orchestra (7:45) -- La orcación [i.e. oracíon] del torero = Gebet des Torero = The torero&apos;s prayer (11:03) -- Danza ritual : op. 55, 3 (3:45) -- Serenata = Serenade, op. 87 (14:27) -- Tango no. 2 op. 8, para orquesta de cámara.</subfield>
  </datafield>
  <datafield tag="650" ind1=" " ind2="0">
    <subfield code="a">String orchestra music.</subfield>
  </datafield>
  <datafield tag="650" ind1=" " ind2="0">
    <subfield code="a">Piano with string orchestra.</subfield>
  </datafield>
  <datafield tag="650" ind1=" " ind2="0">
    <subfield code="a">Piano with string orchestra, Arranged.</subfield>
  </datafield>
  <datafield tag="700" ind1="1" ind2=" ">
    <subfield code="a">Barrio, Isidro.</subfield>
    <subfield code="4">itr</subfield>
    <subfield code="4">cnd</subfield>
  </datafield>
  <datafield tag="700" ind1="1" ind2="2">
    <subfield code="a">Turina, Joaquín,</subfield>
    <subfield code="d">1882-1949.</subfield>
    <subfield code="t">Rapsodia sinfónica.</subfield>
  </datafield>
  <datafield tag="700" ind1="1" ind2="2">
    <subfield code="a">Turina, Joaquín,</subfield>
    <subfield code="d">1882-1949.</subfield>
    <subfield code="t">Anunciación.</subfield>
  </datafield>
  <datafield tag="700" ind1="1" ind2="2">
    <subfield code="a">Turina, Joaquín,</subfield>
    <subfield code="d">1882-1949.</subfield>
    <subfield code="t">Sevilla.</subfield>
    <subfield code="p">Jueves Santo a medianoche;</subfield>
    <subfield code="o">arranged.</subfield>
  </datafield>
  <datafield tag="700" ind1="1" ind2="2">
    <subfield code="a">Turina, Joaquín,</subfield>
    <subfield code="d">1882-1949.</subfield>
    <subfield code="t">Oración del torero;</subfield>
    <subfield code="o">arranged.</subfield>
  </datafield>
  <datafield tag="700" ind1="1" ind2="2">
    <subfield code="a">Turina, Joaquín,</subfield>
    <subfield code="d">1882-1949.</subfield>
    <subfield code="t">Danzas gitanas,</subfield>
    <subfield code="n">op. 55.</subfield>
    <subfield code="p">Danza ritual;</subfield>
    <subfield code="o">arranged.</subfield>
  </datafield>
  <datafield tag="700" ind1="1" ind2="2">
    <subfield code="a">Turina, Joaquín,</subfield>
    <subfield code="d">1882-1949.</subfield>
    <subfield code="t">Serenade,</subfield>
    <subfield code="m">violins (2), viola, cello,</subfield>
    <subfield code="n">op. 87.</subfield>
  </datafield>
  <datafield tag="700" ind1="1" ind2="2">
    <subfield code="a">Turina, Joaquín,</subfield>
    <subfield code="d">1882-1949.</subfield>
    <subfield code="t">Danzas andaluzas</subfield>
    <subfield code="p">Tango;</subfield>
    <subfield code="o">arranged.</subfield>
  </datafield>
  <datafield tag="710" ind1="2" ind2=" ">
    <subfield code="a">Orquesta de Cámara de l&apos;Empordá.</subfield>
    <subfield code="4">prf</subfield>
  </datafield>
</record>