
<record>
  <leader>01646cjm a22003851a 4500</leader>
  <controlfield tag="001">   00272552 </controlfield>
  <controlfield tag="003">DLC</controlfield>
  <controlfield tag="005">20030908140216.0</controlfield>
  <controlfield tag="007">sd|fsngnnmmned</controlfield>
  <controlfield tag="008">000509s1998    gw mpn                  d</controlfield>
  <datafield tag="050" ind1="0" ind2="0">
    <subfield code="a">SDA 13925</subfield>
  </datafield>
  <datafield tag="010" ind1=" " ind2=" ">
    <subfield code="a">   00272552 </subfield>
  </datafield>
  <datafield tag="024" ind1="1" ind2=" ">
    <subfield code="a">063757936022</subfield>
  </datafield>
  <datafield tag="028" ind1="0" ind2="2">
    <subfield code="a">ENJ-9360 2</subfield>
    <subfield code="b">Enja</subfield>
  </datafield>
  <datafield tag="035" ind1=" " ind2=" ">
    <subfield code="a">(OCoLC)ocm44511291</subfield>
  </datafield>
  <datafield tag="040" ind1=" " ind2=" ">
    <subfield code="a">IBK</subfield>
    <subfield code="c">IBK</subfield>
    <subfield code="d">OCLCQ</subfield>
    <subfield code="d">DLC</subfield>
  </datafield>
  <datafield tag="042" ind1=" " ind2=" ">
    <subfield code="a">lcderive</subfield>
  </datafield>
  <datafield tag="100" ind1="1" ind2=" ">
    <subfield code="a">Abū Khalīl, Rabīʻ.</subfield>
  </datafield>
  <datafield tag="245" ind1="1" ind2="0">
    <subfield code="a">Yara</subfield>
    <subfield code="h">[sound recording] /</subfield>
    <subfield code="c">Rabih Abou-Khalil.</subfield>
  </datafield>
  <datafield tag="260" ind1=" " ind2=" ">
    <subfield code="a">Munich, Germany :</subfield>
    <subfield code="b">Enja Records,</subfield>
    <subfield code="c">p1998.</subfield>
  </datafield>
  <datafield tag="300" ind1=" " ind2=" ">
    <subfield code="a">1 sound disc :</subfield>
    <subfield code="b">digital ;</subfield>
    <subfield code="c">4 3/4 in.</subfield>
  </datafield>
  <datafield tag="500" ind1=" " ind2=" ">
    <subfield code="a">Compact disc.</subfield>
  </datafield>
  <datafield tag="500" ind1=" " ind2=" ">
    <subfield code="a">&quot;All compositions by Rabih Abou-Khalil, published by Edition MAWI (GEMA)&quot;--container.</subfield>
  </datafield>
  <datafield tag="500" ind1=" " ind2=" ">
    <subfield code="a">&quot;This record is based on the soundtrack of the movie &apos;Yara&apos;, directed by Yilmaz Arslan.&quot;</subfield>
  </datafield>
  <datafield tag="500" ind1=" " ind2=" ">
    <subfield code="a">&quot;Recorded and mixed by Walter Quintus.  Produced by Rabih Abou-Khalil with Walter Quintus.&quot;</subfield>
  </datafield>
  <datafield tag="511" ind1="0" ind2=" ">
    <subfield code="a">Rabih Abou-Khalil, oud, ; Dominique Pifarely, violin ; Vincent Courtois, cello ; Nabil Khaiat, Frame drums.</subfield>
  </datafield>
  <datafield tag="518" ind1=" " ind2=" ">
    <subfield code="a">Recorded at Studio Zerkall, Germany on June 4,5 and 6, 1998.</subfield>
  </datafield>
  <datafield tag="505" ind1="0" ind2=" ">
    <subfield code="a">Requiem -- Imminent journey -- A gracious man -- On a bus -- Grateful parting -- The passage of life -- Through the window -- Lithe dream -- Puppet master -- Bint El Bahr -- The end of faith -- The knowledge of a child.</subfield>
  </datafield>
  <datafield tag="650" ind1=" " ind2="0">
    <subfield code="a">Oud music.</subfield>
  </datafield>
  <datafield tag="650" ind1=" " ind2="0">
    <subfield code="a">Percussion music.</subfield>
  </datafield>
  <datafield tag="650" ind1=" " ind2="0">
    <subfield code="a">Music</subfield>
    <subfield code="z">Arab countries.</subfield>
  </datafield>
  <datafield tag="700" ind1="1" ind2=" ">
    <subfield code="a">Pifarély, Dominique.</subfield>
    <subfield code="4">prf</subfield>
  </datafield>
  <datafield tag="700" ind1="1" ind2=" ">
    <subfield code="a">Courtois, Vincent.</subfield>
    <subfield code="4">prf</subfield>
  </datafield>
  <datafield tag="700" ind1="1" ind2=" ">
    <subfield code="a">Khaiat, Nabil.</subfield>
    <subfield code="4">prf</subfield>
  </datafield>
  <datafield tag="700" ind1="1" ind2=" ">
    <subfield code="a">Arslan, Yılmaz,</subfield>
    <subfield code="d">1968-</subfield>
  </datafield>
</record>