
<record>
  <leader>02446cjm a2200493 a 4500</leader>
  <controlfield tag="001">   00272560 </controlfield>
  <controlfield tag="003">DLC</controlfield>
  <controlfield tag="005">20060830123846.0</controlfield>
  <controlfield tag="007">sd fsngnnmmneu</controlfield>
  <controlfield tag="008">000504p19991902it opn|  f        | ita d</controlfield>
  <datafield tag="010" ind1=" " ind2=" ">
    <subfield code="a">   00272560 </subfield>
  </datafield>
  <datafield tag="024" ind1="3" ind2=" ">
    <subfield code="a">8011662914057</subfield>
  </datafield>
  <datafield tag="028" ind1="0" ind2="2">
    <subfield code="a">AB 78 911</subfield>
    <subfield code="b">Grammofono 2000</subfield>
  </datafield>
  <datafield tag="035" ind1=" " ind2=" ">
    <subfield code="a">(OCoLC)ocm45670894</subfield>
  </datafield>
  <datafield tag="040" ind1=" " ind2=" ">
    <subfield code="a">VPI</subfield>
    <subfield code="c">VPI</subfield>
    <subfield code="d">OCLCQ</subfield>
    <subfield code="d">DLC</subfield>
  </datafield>
  <datafield tag="041" ind1="1" ind2=" ">
    <subfield code="b">ita</subfield>
    <subfield code="g">eng</subfield>
  </datafield>
  <datafield tag="042" ind1=" " ind2=" ">
    <subfield code="a">lccopycat</subfield>
  </datafield>
  <datafield tag="050" ind1="0" ind2="0">
    <subfield code="a">SDB 43914</subfield>
  </datafield>
  <datafield tag="100" ind1="1" ind2=" ">
    <subfield code="a">Verdi, Giuseppe,</subfield>
    <subfield code="d">1813-1901.</subfield>
  </datafield>
  <datafield tag="240" ind1="1" ind2="0">
    <subfield code="a">Operas.</subfield>
    <subfield code="k">Selections</subfield>
  </datafield>
  <datafield tag="245" ind1="1" ind2="0">
    <subfield code="a">Enrico Caruso edition.</subfield>
    <subfield code="n">Vol. 7 :</subfield>
    <subfield code="p">Guiseppe Verdi</subfield>
    <subfield code="h">[sound recording] /</subfield>
    <subfield code="c">Enrico Caruso.</subfield>
  </datafield>
  <datafield tag="260" ind1=" " ind2=" ">
    <subfield code="a">[Italy] :</subfield>
    <subfield code="b">Grammofono 2000,</subfield>
    <subfield code="c">p1999.</subfield>
  </datafield>
  <datafield tag="300" ind1=" " ind2=" ">
    <subfield code="a">1 sound disc :</subfield>
    <subfield code="b">digital ;</subfield>
    <subfield code="c">4 3/4 in.</subfield>
  </datafield>
  <datafield tag="546" ind1=" " ind2=" ">
    <subfield code="a">Sung in Italian.</subfield>
  </datafield>
  <datafield tag="538" ind1=" " ind2=" ">
    <subfield code="a">Compact disc.</subfield>
  </datafield>
  <datafield tag="511" ind1="0" ind2=" ">
    <subfield code="a">Enrico Caruso, tenor ; Johanna Gadski, soprano ; Titta Ruffo, baritone.</subfield>
  </datafield>
  <datafield tag="518" ind1=" " ind2=" ">
    <subfield code="a">Originally recorded 1902-1915.</subfield>
  </datafield>
  <datafield tag="500" ind1=" " ind2=" ">
    <subfield code="a">Program and biographical notes on container insert.</subfield>
  </datafield>
  <datafield tag="500" ind1=" " ind2=" ">
    <subfield code="a">&quot;The records of the century.&quot;--Container.</subfield>
  </datafield>
  <datafield tag="505" ind1="0" ind2=" ">
    <subfield code="a">Aïda. Celeste Aïda (3:22) ; Celeste Aïda (2:36) ; Celeste Aïda (3:43) ; Celeste Aïda (3:58) ; Celeste Aïda (3:27) ; Se quel guerrier io fossi ... Celeste Aïda (4:50) ; Già i sacerdoti adunansi ... Misero appien mi festi ... Aida a me togliesti (7:06) ; La fatal pietra (4:20) ; O terra addio (4:05) -- Otello. Nell&apos;ore arcane ... Ora e per sempre addio (2:20) ; Oh! monstruosa colpa ... Sì, pel ciel (4:42) -- Messa da Requiem. Ingemisco (4:14).</subfield>
  </datafield>
  <datafield tag="650" ind1=" " ind2="0">
    <subfield code="a">Operas</subfield>
    <subfield code="v">Excerpts.</subfield>
  </datafield>
  <datafield tag="700" ind1="1" ind2=" ">
    <subfield code="a">Caruso, Enrico,</subfield>
    <subfield code="d">1873-1921.</subfield>
    <subfield code="4">voc</subfield>
  </datafield>
  <datafield tag="700" ind1="1" ind2=" ">
    <subfield code="a">Gadski, Johanna,</subfield>
    <subfield code="d">1872-1932.</subfield>
    <subfield code="4">voc</subfield>
  </datafield>
  <datafield tag="700" ind1="1" ind2=" ">
    <subfield code="a">Ruffo, Titta,</subfield>
    <subfield code="d">1877-1953.</subfield>
    <subfield code="4">voc</subfield>
  </datafield>
  <datafield tag="700" ind1="1" ind2=" ">
    <subfield code="a">Verdi, Giuseppe,</subfield>
    <subfield code="d">1813-1901.</subfield>
    <subfield code="t">Aïda.</subfield>
    <subfield code="p">Celeste Aïda.</subfield>
  </datafield>
  <datafield tag="700" ind1="1" ind2=" ">
    <subfield code="a">Verdi, Giuseppe,</subfield>
    <subfield code="d">1813-1901.</subfield>
    <subfield code="t">Aïda.</subfield>
    <subfield code="p">Già i sacerdoti adunansi.</subfield>
  </datafield>
  <datafield tag="700" ind1="1" ind2=" ">
    <subfield code="a">Verdi, Giuseppe,</subfield>
    <subfield code="d">1813-1901.</subfield>
    <subfield code="t">Aïda.</subfield>
    <subfield code="p">Aïda a me togliesti.</subfield>
  </datafield>
  <datafield tag="700" ind1="1" ind2=" ">
    <subfield code="a">Verdi, Giuseppe,</subfield>
    <subfield code="d">1813-1901.</subfield>
    <subfield code="t">Aïda.</subfield>
    <subfield code="p">Fatal pietra.</subfield>
  </datafield>
  <datafield tag="700" ind1="1" ind2=" ">
    <subfield code="a">Verdi, Giuseppe,</subfield>
    <subfield code="d">1813-1901.</subfield>
    <subfield code="t">Aïda.</subfield>
    <subfield code="p">O terra addio.</subfield>
  </datafield>
  <datafield tag="700" ind1="1" ind2=" ">
    <subfield code="a">Verdi, Giuseppe,</subfield>
    <subfield code="d">1813-1901.</subfield>
    <subfield code="t">Aïda.</subfield>
    <subfield code="k">Selections.</subfield>
  </datafield>
  <datafield tag="700" ind1="1" ind2=" ">
    <subfield code="a">Verdi, Giuseppe,</subfield>
    <subfield code="d">1813-1901.</subfield>
    <subfield code="t">Messa da Requiem.</subfield>
    <subfield code="k">Selections.</subfield>
  </datafield>
  <datafield tag="700" ind1="1" ind2=" ">
    <subfield code="a">Verdi, Giuseppe,</subfield>
    <subfield code="d">1813-1901.</subfield>
    <subfield code="t">Otello.</subfield>
    <subfield code="p">Ora e per sempre addio.</subfield>
  </datafield>
  <datafield tag="700" ind1="1" ind2=" ">
    <subfield code="a">Verdi, Giuseppe,</subfield>
    <subfield code="d">1813-1901.</subfield>
    <subfield code="t">Otello.</subfield>
    <subfield code="p">Sì, pel ciel marmoreo giuro!</subfield>
  </datafield>
  <datafield tag="700" ind1="1" ind2=" ">
    <subfield code="a">Verdi, Giuseppe,</subfield>
    <subfield code="d">1813-1901.</subfield>
    <subfield code="t">Otello.</subfield>
    <subfield code="k">Selections.</subfield>
  </datafield>
</record>