
<record>
  <leader>01492cjm a22003731a 4500</leader>
  <controlfield tag="001">   00272567 </controlfield>
  <controlfield tag="003">DLC</controlfield>
  <controlfield tag="005">20031010143805.0</controlfield>
  <controlfield tag="007">sd|fsngnnmmned</controlfield>
  <controlfield tag="008">000328s2000    it mun                  d</controlfield>
  <datafield tag="050" ind1="0" ind2="0">
    <subfield code="a">SDA 16288</subfield>
  </datafield>
  <datafield tag="010" ind1=" " ind2=" ">
    <subfield code="a">   00272567 </subfield>
  </datafield>
  <datafield tag="024" ind1="3" ind2=" ">
    <subfield code="a">8007068509126</subfield>
  </datafield>
  <datafield tag="028" ind1="0" ind2="2">
    <subfield code="a">GB 5091-2</subfield>
    <subfield code="b">Bongiovanni</subfield>
  </datafield>
  <datafield tag="035" ind1=" " ind2=" ">
    <subfield code="a">(OCoLC)ocm46595870</subfield>
  </datafield>
  <datafield tag="040" ind1=" " ind2=" ">
    <subfield code="a">RCE</subfield>
    <subfield code="c">RCE</subfield>
    <subfield code="d">DLC</subfield>
  </datafield>
  <datafield tag="042" ind1=" " ind2=" ">
    <subfield code="a">lcderive</subfield>
  </datafield>
  <datafield tag="100" ind1="1" ind2=" ">
    <subfield code="a">Corticelli, Gaetano,</subfield>
    <subfield code="d">1804-1840.</subfield>
  </datafield>
  <datafield tag="240" ind1="1" ind2="0">
    <subfield code="a">Instrumental music.</subfield>
    <subfield code="k">Selections</subfield>
  </datafield>
  <datafield tag="245" ind1="1" ind2="0">
    <subfield code="a">Terzetti e fantasie</subfield>
    <subfield code="h">[sound recording] /</subfield>
    <subfield code="c">Gaetano Corticelli.</subfield>
  </datafield>
  <datafield tag="260" ind1=" " ind2=" ">
    <subfield code="a">Bologna :</subfield>
    <subfield code="b">Bongiovanni,</subfield>
    <subfield code="c">[2000?]</subfield>
  </datafield>
  <datafield tag="300" ind1=" " ind2=" ">
    <subfield code="a">1 sound disc (79 min., 58 sec.) :</subfield>
    <subfield code="b">digital ;</subfield>
    <subfield code="c">4 3/4 in.</subfield>
  </datafield>
  <datafield tag="306" ind1=" " ind2=" ">
    <subfield code="a">001423</subfield>
    <subfield code="a">001341</subfield>
    <subfield code="a">001226</subfield>
    <subfield code="a">001235</subfield>
    <subfield code="a">000833</subfield>
    <subfield code="a">001808</subfield>
  </datafield>
  <datafield tag="511" ind1="0" ind2=" ">
    <subfield code="a">Paolo Carlini, bassoon ; Luca Vignali, oboe ; Alessandro Specchi, piano.</subfield>
  </datafield>
  <datafield tag="500" ind1=" " ind2=" ">
    <subfield code="a">Compact disc.</subfield>
  </datafield>
  <datafield tag="500" ind1=" " ind2=" ">
    <subfield code="a">Program notes in Italian and English ([13] p.) in container.</subfield>
  </datafield>
  <datafield tag="505" ind1="0" ind2=" ">
    <subfield code="a">Terzetto n. 1 in mi bemolle maggiore (14:23) -- Terzetto n. 2 in si bemolle maggiore (13:41) -- Terzetto n. 3 in si bemolle maggiore (12:26) -- Fantasia per pianoforte (12:35) -- Fantasia per fagotto e pianoforte (8:33) -- Fantasia per oboe e pianoforte (18:08).</subfield>
  </datafield>
  <datafield tag="650" ind1=" " ind2="0">
    <subfield code="a">Trios (Piano, bassoon, oboe)</subfield>
  </datafield>
  <datafield tag="650" ind1=" " ind2="0">
    <subfield code="a">Bassoon and piano music.</subfield>
  </datafield>
  <datafield tag="650" ind1=" " ind2="0">
    <subfield code="a">Oboe and piano music.</subfield>
  </datafield>
  <datafield tag="650" ind1=" " ind2="0">
    <subfield code="a">Piano music.</subfield>
  </datafield>
  <datafield tag="700" ind1="1" ind2=" ">
    <subfield code="a">Carlini, Paolo.</subfield>
    <subfield code="4">itr</subfield>
  </datafield>
  <datafield tag="700" ind1="1" ind2=" ">
    <subfield code="a">Vignali, Luca.</subfield>
    <subfield code="4">itr</subfield>
  </datafield>
  <datafield tag="700" ind1="1" ind2=" ">
    <subfield code="a">Specchi, Alessandro.</subfield>
    <subfield code="4">itr</subfield>
  </datafield>
</record>