
<record>
  <leader>01025cjm a22002891a 4500</leader>
  <controlfield tag="001">   00272569 </controlfield>
  <controlfield tag="003">DLC</controlfield>
  <controlfield tag="005">20131212073227.0</controlfield>
  <controlfield tag="007">sd|fsngnnmmned</controlfield>
  <controlfield tag="008">000328p19971970fr ppn                  d</controlfield>
  <datafield tag="050" ind1="0" ind2="0">
    <subfield code="a">SDA 09085</subfield>
  </datafield>
  <datafield tag="010" ind1=" " ind2=" ">
    <subfield code="a">   00272569 </subfield>
  </datafield>
  <datafield tag="024" ind1="3" ind2=" ">
    <subfield code="a">3252413656856</subfield>
  </datafield>
  <datafield tag="028" ind1="0" ind2="2">
    <subfield code="a">CD 36568</subfield>
    <subfield code="b">Sonodisc</subfield>
  </datafield>
  <datafield tag="035" ind1=" " ind2=" ">
    <subfield code="a">(OCoLC)ocm40553057</subfield>
  </datafield>
  <datafield tag="040" ind1=" " ind2=" ">
    <subfield code="a">NPC</subfield>
    <subfield code="c">NPC</subfield>
    <subfield code="d">DLC</subfield>
  </datafield>
  <datafield tag="042" ind1=" " ind2=" ">
    <subfield code="a">lcderive</subfield>
  </datafield>
  <datafield tag="050" ind1="0" ind2="0">
    <subfield code="a">SDA 09085</subfield>
  </datafield>
  <datafield tag="100" ind1="0" ind2=" ">
    <subfield code="a">Tabu Ley Rochereau,</subfield>
    <subfield code="d">-2013.</subfield>
  </datafield>
  <datafield tag="245" ind1="1" ind2="3">
    <subfield code="a">Le Seigneur Rochereau à l&apos;Olympia</subfield>
    <subfield code="h">[sound recording].</subfield>
  </datafield>
  <datafield tag="260" ind1=" " ind2=" ">
    <subfield code="a">Paris :</subfield>
    <subfield code="b">Sonodisc,</subfield>
    <subfield code="c">c1997.</subfield>
  </datafield>
  <datafield tag="300" ind1=" " ind2=" ">
    <subfield code="a">1 sound disc :</subfield>
    <subfield code="b">digital ;</subfield>
    <subfield code="c">4 3/4 in.</subfield>
  </datafield>
  <datafield tag="511" ind1="0" ind2=" ">
    <subfield code="a">Tabu Ley Rochereau, vocals, with L&apos;Afrisa International.</subfield>
  </datafield>
  <datafield tag="518" ind1=" " ind2=" ">
    <subfield code="a">Recorded: Olympia, Paris, 1970.</subfield>
  </datafield>
  <datafield tag="505" ind1="0" ind2=" ">
    <subfield code="a">Moussa -- Moto akokana, nzambe akosukïsa -- Asambela -- Mystère -- Nalembi -- Fetiche -- Paulina -- Riverra -- Bavon -- Mokolo nakokufa -- Rivoli -- Tika nameka.</subfield>
  </datafield>
  <datafield tag="650" ind1=" " ind2="0">
    <subfield code="a">Popular music</subfield>
    <subfield code="z">Africa</subfield>
    <subfield code="y">1961-1970.</subfield>
  </datafield>
  <datafield tag="710" ind1="2" ind2=" ">
    <subfield code="a">Orchestre Afrisa international.</subfield>
  </datafield>
</record>