
<record>
  <leader>02226cjm a22005057a 4500</leader>
  <controlfield tag="001">   00272570 </controlfield>
  <controlfield tag="003">DLC</controlfield>
  <controlfield tag="005">20130525081510.0</controlfield>
  <controlfield tag="007">sd|fsngnnmmned</controlfield>
  <controlfield tag="008">000328s1999    hu mun   fi         lat d</controlfield>
  <datafield tag="010" ind1=" " ind2=" ">
    <subfield code="a">   00272570 </subfield>
  </datafield>
  <datafield tag="024" ind1="3" ind2=" ">
    <subfield code="a">5991813182623</subfield>
  </datafield>
  <datafield tag="028" ind1="0" ind2="2">
    <subfield code="a">HCD 31826</subfield>
    <subfield code="b">Hungaroton</subfield>
  </datafield>
  <datafield tag="028" ind1="0" ind2="2">
    <subfield code="a">HCD 31826</subfield>
    <subfield code="b">Hungaroton Classic</subfield>
  </datafield>
  <datafield tag="033" ind1="0" ind2=" ">
    <subfield code="a">199711--</subfield>
  </datafield>
  <datafield tag="035" ind1=" " ind2=" ">
    <subfield code="a">(OCoLC)ocm46597225</subfield>
  </datafield>
  <datafield tag="040" ind1=" " ind2=" ">
    <subfield code="a">RCE</subfield>
    <subfield code="c">RCE</subfield>
    <subfield code="d">DLC</subfield>
  </datafield>
  <datafield tag="042" ind1=" " ind2=" ">
    <subfield code="a">lcderive</subfield>
  </datafield>
  <datafield tag="050" ind1="0" ind2="0">
    <subfield code="a">SDA 15334</subfield>
  </datafield>
  <datafield tag="100" ind1="1" ind2=" ">
    <subfield code="a">Mosonyi, Mihály,</subfield>
    <subfield code="d">1815-1870.</subfield>
  </datafield>
  <datafield tag="240" ind1="1" ind2="0">
    <subfield code="a">Choral music.</subfield>
    <subfield code="k">Selections</subfield>
  </datafield>
  <datafield tag="245" ind1="1" ind2="0">
    <subfield code="a">3rd Mass in F major</subfield>
    <subfield code="h">[sound recording] ;</subfield>
    <subfield code="b">Graduale (Tui sunt coeli) ; Offertorium (from the 2nd Mass) ; Pater noster ; Ave verum ; Ave Maria /</subfield>
    <subfield code="c">Mihály Mosonyi.</subfield>
  </datafield>
  <datafield tag="260" ind1=" " ind2=" ">
    <subfield code="a">[Hungary] :</subfield>
    <subfield code="b">Hungaroton Classic,</subfield>
    <subfield code="c">p1999.</subfield>
  </datafield>
  <datafield tag="300" ind1=" " ind2=" ">
    <subfield code="a">1 sound disc (60 min., 1 sec.) :</subfield>
    <subfield code="b">digital, stereo. ;</subfield>
    <subfield code="c">4 3/4 in.</subfield>
  </datafield>
  <datafield tag="306" ind1=" " ind2=" ">
    <subfield code="a">000226</subfield>
    <subfield code="a">000619</subfield>
    <subfield code="a">003915</subfield>
    <subfield code="a">000501</subfield>
    <subfield code="a">000307</subfield>
    <subfield code="a">000443</subfield>
  </datafield>
  <datafield tag="511" ind1="0" ind2=" ">
    <subfield code="a">Olga Martinova, principal violin ; Reina Boelens, Vanessa del Riego Ledo, sopranos ; Simone Veder, contralto ; Lars Terray, baritone ; Leon Bosch, clarinet ; Liszt Ferenc Chorus and Orchestra, Amsterdam ; Chamber Orchestra ; Peter Scholcz, conductor.</subfield>
  </datafield>
  <datafield tag="518" ind1=" " ind2=" ">
    <subfield code="a">Recorded at Waalse Church, Amsterdam, in Nov. 1997.</subfield>
  </datafield>
  <datafield tag="500" ind1=" " ind2=" ">
    <subfield code="a">Compact disc.</subfield>
  </datafield>
  <datafield tag="500" ind1=" " ind2=" ">
    <subfield code="a">Program notes in English, French, German, and Hungarian (23 p. : ill.) inserted in container.</subfield>
  </datafield>
  <datafield tag="505" ind1="0" ind2=" ">
    <subfield code="a">Graduale (Tui sunt coeli) (2:26) -- Offertorium (from the 2nd Mass) (6:19) -- 3rd Mass in F major (39:15) -- Pater noster (5:01) -- Ave verum (3:07) -- Ave Maria (4:43).</subfield>
  </datafield>
  <datafield tag="650" ind1=" " ind2="0">
    <subfield code="a">Choruses, Sacred (Mixed voices) with orchestra.</subfield>
  </datafield>
  <datafield tag="650" ind1=" " ind2="0">
    <subfield code="a">Choruses, Sacred (Mixed voices) with instrumental ensemble.</subfield>
  </datafield>
  <datafield tag="650" ind1=" " ind2="0">
    <subfield code="a">Graduals (Chants)</subfield>
  </datafield>
  <datafield tag="650" ind1=" " ind2="0">
    <subfield code="a">Masses.</subfield>
  </datafield>
  <datafield tag="650" ind1=" " ind2="0">
    <subfield code="a">Masses</subfield>
    <subfield code="v">Excerpts.</subfield>
  </datafield>
  <datafield tag="650" ind1=" " ind2="0">
    <subfield code="a">Lord&apos;s prayer (Music)</subfield>
  </datafield>
  <datafield tag="650" ind1=" " ind2="0">
    <subfield code="a">Ave Maria (Music)</subfield>
  </datafield>
  <datafield tag="700" ind1="1" ind2=" ">
    <subfield code="a">Martinova, Olʹga</subfield>
    <subfield code="c">(Violinist)</subfield>
    <subfield code="4">itr</subfield>
  </datafield>
  <datafield tag="700" ind1="1" ind2=" ">
    <subfield code="a">Boelens, Reina.</subfield>
    <subfield code="4">voc</subfield>
  </datafield>
  <datafield tag="700" ind1="1" ind2=" ">
    <subfield code="a">Riego Ledo, Vanessa del.</subfield>
    <subfield code="4">voc</subfield>
  </datafield>
  <datafield tag="700" ind1="1" ind2=" ">
    <subfield code="a">Veder, Simone.</subfield>
    <subfield code="4">voc</subfield>
  </datafield>
  <datafield tag="700" ind1="1" ind2=" ">
    <subfield code="a">Terray, Lars.</subfield>
    <subfield code="4">voc</subfield>
  </datafield>
  <datafield tag="700" ind1="1" ind2=" ">
    <subfield code="a">Scholcz, Peter.</subfield>
    <subfield code="4">cnd</subfield>
  </datafield>
  <datafield tag="710" ind1="2" ind2=" ">
    <subfield code="a">Liszt Ferenc Chorus.</subfield>
    <subfield code="4">prf</subfield>
  </datafield>
  <datafield tag="710" ind1="2" ind2=" ">
    <subfield code="a">Liszt Ferenc Kamarazenekar.</subfield>
    <subfield code="4">prf</subfield>
  </datafield>
</record>