
<record>
  <leader>01723cjm a22004451a 4500</leader>
  <controlfield tag="001">   00272575 </controlfield>
  <controlfield tag="003">DLC</controlfield>
  <controlfield tag="005">20031218095843.0</controlfield>
  <controlfield tag="007">sd|fsngnnmmned</controlfield>
  <controlfield tag="008">000328s1999    enkmun                  d</controlfield>
  <datafield tag="050" ind1="0" ind2="0">
    <subfield code="a">SDA 15333</subfield>
  </datafield>
  <datafield tag="010" ind1=" " ind2=" ">
    <subfield code="a">   00272575 </subfield>
  </datafield>
  <datafield tag="024" ind1="1" ind2=" ">
    <subfield code="a">795754716122</subfield>
  </datafield>
  <datafield tag="028" ind1="0" ind2="2">
    <subfield code="a">GMCD 7161</subfield>
    <subfield code="b">Guild</subfield>
  </datafield>
  <datafield tag="035" ind1=" " ind2=" ">
    <subfield code="a">(OCoLC)ocm46361084</subfield>
  </datafield>
  <datafield tag="040" ind1=" " ind2=" ">
    <subfield code="a">YQR</subfield>
    <subfield code="c">YQR</subfield>
    <subfield code="d">DLC</subfield>
  </datafield>
  <datafield tag="041" ind1="0" ind2=" ">
    <subfield code="d">hunlat</subfield>
  </datafield>
  <datafield tag="042" ind1=" " ind2=" ">
    <subfield code="a">lcderive</subfield>
  </datafield>
  <datafield tag="047" ind1=" " ind2=" ">
    <subfield code="a">sg</subfield>
    <subfield code="a">hy</subfield>
    <subfield code="a">ms</subfield>
  </datafield>
  <datafield tag="100" ind1="1" ind2=" ">
    <subfield code="a">Kodály, Zoltán,</subfield>
    <subfield code="d">1882-1967.</subfield>
  </datafield>
  <datafield tag="240" ind1="1" ind2="0">
    <subfield code="a">Choral music.</subfield>
    <subfield code="k">Selections</subfield>
  </datafield>
  <datafield tag="245" ind1="0" ind2="0">
    <subfield code="a">Choral works</subfield>
    <subfield code="h">[sound recording] /</subfield>
    <subfield code="c">Zoltán Kodály.</subfield>
  </datafield>
  <datafield tag="260" ind1=" " ind2=" ">
    <subfield code="a">St. Helier, Jersey (England) :</subfield>
    <subfield code="b">Guild,</subfield>
    <subfield code="c">p1999.</subfield>
  </datafield>
  <datafield tag="300" ind1=" " ind2=" ">
    <subfield code="a">1 sound disc (77 min., 36 sec.) :</subfield>
    <subfield code="b">digital ;</subfield>
    <subfield code="c">4 3/4 in.</subfield>
  </datafield>
  <datafield tag="511" ind1="0" ind2=" ">
    <subfield code="a">Vasari Singers ; Jeremy Filsell, organ ; Jeremy Backhouse, conductor.</subfield>
  </datafield>
  <datafield tag="518" ind1=" " ind2=" ">
    <subfield code="a">Recorded Mar. 5-7, 1999 at the Church of St. John, Duncan Terrace, Islington, London.</subfield>
  </datafield>
  <datafield tag="500" ind1=" " ind2=" ">
    <subfield code="a">Compact disc.</subfield>
  </datafield>
  <datafield tag="505" ind1="0" ind2=" ">
    <subfield code="a">Laudes organi (20:11) -- Esti dal = (Evening song) (3:16) -- Pange lingua (12:00) -- Este = (Evening) (6:03) -- Missa brevis (Francis Reid, alto ; Andrew Isherwood, tenor; Andrew Angus, baritone) (36:00).</subfield>
  </datafield>
  <datafield tag="650" ind1=" " ind2="0">
    <subfield code="a">Choruses (Mixed voices) with organ.</subfield>
  </datafield>
  <datafield tag="650" ind1=" " ind2="0">
    <subfield code="a">Folk songs, Hungarian.</subfield>
  </datafield>
  <datafield tag="650" ind1=" " ind2="0">
    <subfield code="a">Hymns, Latin.</subfield>
  </datafield>
  <datafield tag="650" ind1=" " ind2="0">
    <subfield code="a">Masses.</subfield>
  </datafield>
  <datafield tag="700" ind1="1" ind2=" ">
    <subfield code="a">Filsell, Jeremy.</subfield>
  </datafield>
  <datafield tag="700" ind1="1" ind2=" ">
    <subfield code="a">Backhouse, Jeremy.</subfield>
  </datafield>
  <datafield tag="700" ind1="0" ind2="2">
    <subfield code="a">Kodály, Zoltán,</subfield>
    <subfield code="d">1882-1967.</subfield>
    <subfield code="t">Laudes organi.</subfield>
  </datafield>
  <datafield tag="700" ind1="1" ind2="2">
    <subfield code="a">Kodály, Zoltán,</subfield>
    <subfield code="d">1882-1967.</subfield>
    <subfield code="t">Esti dal.</subfield>
  </datafield>
  <datafield tag="700" ind1="1" ind2="2">
    <subfield code="a">Kodály, Zoltán,</subfield>
    <subfield code="d">1882-1967.</subfield>
    <subfield code="t">Pange lingua.</subfield>
  </datafield>
  <datafield tag="700" ind1="1" ind2="2">
    <subfield code="a">Kodály, Zoltán,</subfield>
    <subfield code="d">1882-1967.</subfield>
    <subfield code="t">Este.</subfield>
  </datafield>
  <datafield tag="700" ind1="1" ind2="2">
    <subfield code="a">Kodály, Zoltán,</subfield>
    <subfield code="d">1882-1967.</subfield>
    <subfield code="t">Missa brevis.</subfield>
  </datafield>
  <datafield tag="710" ind1="2" ind2=" ">
    <subfield code="a">Vasari (Musical group)</subfield>
  </datafield>
</record>