
<record>
  <leader>01751cjm a22003971a 4500</leader>
  <controlfield tag="001">   00272577 </controlfield>
  <controlfield tag="003">DLC</controlfield>
  <controlfield tag="005">20020628222235.0</controlfield>
  <controlfield tag="007">sd|fsngnnmmned</controlfield>
  <controlfield tag="008">000330s1999    fr jzn   fi             d</controlfield>
  <datafield tag="028" ind1="0" ind2="2">
    <subfield code="a">159452</subfield>
    <subfield code="b">EPM</subfield>
  </datafield>
  <datafield tag="050" ind1="0" ind2="0">
    <subfield code="a">SDA 14347</subfield>
  </datafield>
  <datafield tag="010" ind1=" " ind2=" ">
    <subfield code="a">   00272577 </subfield>
  </datafield>
  <datafield tag="024" ind1="1" ind2=" ">
    <subfield code="a">3540131594520</subfield>
  </datafield>
  <datafield tag="024" ind1="3" ind2=" ">
    <subfield code="a">3540131594520</subfield>
  </datafield>
  <datafield tag="028" ind1="0" ind2="0">
    <subfield code="a">159452</subfield>
    <subfield code="b">EPM</subfield>
  </datafield>
  <datafield tag="033" ind1="0" ind2=" ">
    <subfield code="a">1940----</subfield>
    <subfield code="a">1948----</subfield>
  </datafield>
  <datafield tag="035" ind1=" " ind2=" ">
    <subfield code="a">(OCoLC)ocm44677600 </subfield>
  </datafield>
  <datafield tag="040" ind1=" " ind2=" ">
    <subfield code="a">IAC</subfield>
    <subfield code="c">IAC</subfield>
    <subfield code="d">DLC</subfield>
  </datafield>
  <datafield tag="041" ind1="1" ind2=" ">
    <subfield code="g">engfre</subfield>
  </datafield>
  <datafield tag="042" ind1=" " ind2=" ">
    <subfield code="a">lcderive</subfield>
  </datafield>
  <datafield tag="100" ind1="1" ind2=" ">
    <subfield code="a">Price, Sammy.</subfield>
    <subfield code="4">prf</subfield>
  </datafield>
  <datafield tag="245" ind1="1" ind2="0">
    <subfield code="a">Sammy Price</subfield>
    <subfield code="h">[sound recording] :</subfield>
    <subfield code="b">story.</subfield>
  </datafield>
  <datafield tag="246" ind1="1" ind2=" ">
    <subfield code="i">Title on container:</subfield>
    <subfield code="a">Sammy Price :</subfield>
    <subfield code="b">blues &amp; boogie woogie from Texas</subfield>
  </datafield>
  <datafield tag="246" ind1="1" ind2=" ">
    <subfield code="i">Title on container spine:</subfield>
    <subfield code="a">Sammy Price :</subfield>
    <subfield code="b">story, 1940/1948</subfield>
  </datafield>
  <datafield tag="260" ind1=" " ind2=" ">
    <subfield code="a">Paris :</subfield>
    <subfield code="b">EPM,</subfield>
    <subfield code="c">[1999]</subfield>
  </datafield>
  <datafield tag="300" ind1=" " ind2=" ">
    <subfield code="a">1 sound disc :</subfield>
    <subfield code="b">digital ;</subfield>
    <subfield code="c">4 3/4 in.</subfield>
  </datafield>
  <datafield tag="490" ind1="1" ind2=" ">
    <subfield code="a">Jazz archives ;</subfield>
    <subfield code="v">no 143</subfield>
  </datafield>
  <datafield tag="511" ind1="0" ind2=" ">
    <subfield code="a">Sammy Price, piano ; and others.</subfield>
  </datafield>
  <datafield tag="518" ind1=" " ind2=" ">
    <subfield code="a">Recorded between 1940 and 1948.</subfield>
  </datafield>
  <datafield tag="500" ind1=" " ind2=" ">
    <subfield code="a">Program notes in French and English inserted.</subfield>
  </datafield>
  <datafield tag="500" ind1=" " ind2=" ">
    <subfield code="a">Compact disc.</subfield>
  </datafield>
  <datafield tag="505" ind1="0" ind2=" ">
    <subfield code="a">Boogin&apos; with big Sid (3:05) -- Gully low blues (2:22) -- 133rd street blues (2:21) -- I finally gotcha (2:54) -- Callin&apos; em home (2:38) -- Low down blues (2:55) -- Frenchy&apos;s blues (2:48) -- Sweepin&apos; the blues away (3:18) -- How&apos; bout that mess (3:18) -- The goon drag (3:18) -- Just jivin&apos; around (2:55) -- Boogie woogie notion (2:36) -- Boogin&apos; a plenty (3:17) -- Never will I forge the blues (4:23) -- Funky butt (4:10) -- Delta mood (4:19) -- Ice man (2:53) -- Evolution blues (3:02) -- Teach me to be right (2:45) -- Gospel train (2:38).</subfield>
  </datafield>
  <datafield tag="650" ind1=" " ind2="0">
    <subfield code="a">Blues (Music)</subfield>
  </datafield>
  <datafield tag="650" ind1=" " ind2="0">
    <subfield code="a">Boogie woogie (Music)</subfield>
  </datafield>
  <datafield tag="830" ind1=" " ind2="0">
    <subfield code="a">Jazz archives (Paris, France) ;</subfield>
    <subfield code="v">no 143.</subfield>
  </datafield>
</record>