
<record>
  <leader>01853cjm a22004817a 4500</leader>
  <controlfield tag="001">   00272578 </controlfield>
  <controlfield tag="003">DLC</controlfield>
  <controlfield tag="005">20130525081511.0</controlfield>
  <controlfield tag="007">sd|fsngnnmmned</controlfield>
  <controlfield tag="008">000329p19991997gw mun   efi            d</controlfield>
  <datafield tag="010" ind1=" " ind2=" ">
    <subfield code="a">   00272578 </subfield>
  </datafield>
  <datafield tag="024" ind1="1" ind2=" ">
    <subfield code="a">760623091723</subfield>
  </datafield>
  <datafield tag="028" ind1="0" ind2="2">
    <subfield code="a">MDG 304 0917-2</subfield>
    <subfield code="b">MDG</subfield>
  </datafield>
  <datafield tag="028" ind1="0" ind2="2">
    <subfield code="a">MDG 304 0917-2</subfield>
    <subfield code="b">MDG Gold</subfield>
  </datafield>
  <datafield tag="035" ind1=" " ind2=" ">
    <subfield code="a">(OCoLC)ocm49366443</subfield>
  </datafield>
  <datafield tag="040" ind1=" " ind2=" ">
    <subfield code="a">PUL</subfield>
    <subfield code="c">PUL</subfield>
    <subfield code="d">DLC</subfield>
  </datafield>
  <datafield tag="042" ind1=" " ind2=" ">
    <subfield code="a">lcderive</subfield>
  </datafield>
  <datafield tag="047" ind1=" " ind2=" ">
    <subfield code="a">sn</subfield>
    <subfield code="a">pr</subfield>
  </datafield>
  <datafield tag="048" ind1=" " ind2=" ">
    <subfield code="a">sb01</subfield>
    <subfield code="a">sc01</subfield>
    <subfield code="a">sa01</subfield>
  </datafield>
  <datafield tag="048" ind1=" " ind2=" ">
    <subfield code="a">wc01</subfield>
  </datafield>
  <datafield tag="048" ind1=" " ind2=" ">
    <subfield code="a">sc01</subfield>
  </datafield>
  <datafield tag="048" ind1=" " ind2=" ">
    <subfield code="a">sa01</subfield>
    <subfield code="a">ka01</subfield>
  </datafield>
  <datafield tag="048" ind1=" " ind2=" ">
    <subfield code="a">sb01</subfield>
  </datafield>
  <datafield tag="048" ind1=" " ind2=" ">
    <subfield code="a">wc01</subfield>
    <subfield code="a">sb01</subfield>
    <subfield code="a">sc01</subfield>
    <subfield code="a">sa01</subfield>
  </datafield>
  <datafield tag="050" ind1="0" ind2="0">
    <subfield code="a">SDA 16315</subfield>
  </datafield>
  <datafield tag="100" ind1="1" ind2=" ">
    <subfield code="a">Penderecki, Krzysztof,</subfield>
    <subfield code="d">1933-</subfield>
  </datafield>
  <datafield tag="240" ind1="1" ind2="0">
    <subfield code="a">Instrumental music.</subfield>
    <subfield code="k">Selections</subfield>
  </datafield>
  <datafield tag="245" ind1="0" ind2="0">
    <subfield code="a">Chamber music</subfield>
    <subfield code="h">[sound recording] /</subfield>
    <subfield code="c">Krzysztof Penderecki.</subfield>
  </datafield>
  <datafield tag="260" ind1=" " ind2=" ">
    <subfield code="a">Detmold :</subfield>
    <subfield code="b">MDG Gold,</subfield>
    <subfield code="c">1999.</subfield>
  </datafield>
  <datafield tag="300" ind1=" " ind2=" ">
    <subfield code="a">1 sound disc (52 min.) :</subfield>
    <subfield code="b">digital ;</subfield>
    <subfield code="c">4 3/4 in.</subfield>
  </datafield>
  <datafield tag="306" ind1=" " ind2=" ">
    <subfield code="a">001248</subfield>
    <subfield code="a">000332</subfield>
    <subfield code="a">000523</subfield>
    <subfield code="a">000811</subfield>
    <subfield code="a">000614</subfield>
    <subfield code="a">001411</subfield>
  </datafield>
  <datafield tag="511" ind1="0" ind2=" ">
    <subfield code="a">Ensemble Villa Musica (Ulf Rodenhäuser, clarinet ; Ida Bieler, violin ; Enrique Santiago, viola ; Martin Ostertag, violoncello ; Kalle Randalu, piano).</subfield>
  </datafield>
  <datafield tag="518" ind1=" " ind2=" ">
    <subfield code="a">Recorded Nov. 13-14, 1997 at Ratskeller Landau, and Mar. 26, 1998 at Fürstliche Reitbahn in Bad Arolsen.</subfield>
  </datafield>
  <datafield tag="500" ind1=" " ind2=" ">
    <subfield code="a">&quot;The program on this CD was designed by Krzysztof Penderecki.&quot;--Container.</subfield>
  </datafield>
  <datafield tag="500" ind1=" " ind2=" ">
    <subfield code="a">Compact disc.</subfield>
  </datafield>
  <datafield tag="505" ind1="0" ind2=" ">
    <subfield code="a">String trio (12:48) -- Prelude for clarinet solo (3:32) -- Per Slava : for violoncello (5:23) -- Sonata for violin and piano (8:11) -- Cadenza per viola sola (6:14) -- Quartet for clarinet and string trio (14:11)</subfield>
  </datafield>
  <datafield tag="650" ind1=" " ind2="0">
    <subfield code="a">String trios.</subfield>
  </datafield>
  <datafield tag="650" ind1=" " ind2="0">
    <subfield code="a">Clarinet music.</subfield>
  </datafield>
  <datafield tag="650" ind1=" " ind2="0">
    <subfield code="a">Cello music.</subfield>
  </datafield>
  <datafield tag="650" ind1=" " ind2="0">
    <subfield code="a">Sonatas (Violin and piano)</subfield>
  </datafield>
  <datafield tag="650" ind1=" " ind2="0">
    <subfield code="a">Viola music.</subfield>
  </datafield>
  <datafield tag="650" ind1=" " ind2="0">
    <subfield code="a">Quartets (Clarinet, violin, viola, cello)</subfield>
  </datafield>
  <datafield tag="710" ind1="2" ind2=" ">
    <subfield code="a">Ensemble Villa Musica.</subfield>
  </datafield>
</record>