
<record>
  <leader>02511cjm a22003377a 4500</leader>
  <controlfield tag="001">   00272579 </controlfield>
  <controlfield tag="003">DLC</controlfield>
  <controlfield tag="005">20031210090126.0</controlfield>
  <controlfield tag="007">sd|fsngnnmmned</controlfield>
  <controlfield tag="008">000329s1999    fi mun   df             d</controlfield>
  <datafield tag="050" ind1="0" ind2="0">
    <subfield code="a">SDA 16299</subfield>
  </datafield>
  <datafield tag="010" ind1=" " ind2=" ">
    <subfield code="a">   00272579 </subfield>
  </datafield>
  <datafield tag="024" ind1="1" ind2=" ">
    <subfield code="a">761195094426</subfield>
  </datafield>
  <datafield tag="028" ind1="0" ind2="2">
    <subfield code="a">ODE 944-2</subfield>
    <subfield code="b">Ondine</subfield>
  </datafield>
  <datafield tag="035" ind1=" " ind2=" ">
    <subfield code="a">(OCoLC)ocm46878386</subfield>
  </datafield>
  <datafield tag="040" ind1=" " ind2=" ">
    <subfield code="a">RCE</subfield>
    <subfield code="c">RCE</subfield>
    <subfield code="d">DLC</subfield>
  </datafield>
  <datafield tag="042" ind1=" " ind2=" ">
    <subfield code="a">lcderive</subfield>
  </datafield>
  <datafield tag="100" ind1="1" ind2=" ">
    <subfield code="a">Hynninen, Jorma,</subfield>
    <subfield code="d">1941-</subfield>
    <subfield code="4">voc</subfield>
  </datafield>
  <datafield tag="245" ind1="1" ind2="0">
    <subfield code="a">Jorma Hynninen</subfield>
    <subfield code="h">[sound recording] :</subfield>
    <subfield code="b">a profile of a great career.</subfield>
  </datafield>
  <datafield tag="260" ind1=" " ind2=" ">
    <subfield code="a">Helsinki, [Finland] :</subfield>
    <subfield code="b">Ondine,</subfield>
    <subfield code="c">p1999.</subfield>
  </datafield>
  <datafield tag="300" ind1=" " ind2=" ">
    <subfield code="a">1 sound disc (68 min., 51 sec.) :</subfield>
    <subfield code="b">digital, stereo. ;</subfield>
    <subfield code="c">4 3/4 in.</subfield>
  </datafield>
  <datafield tag="306" ind1=" " ind2=" ">
    <subfield code="a">000108</subfield>
    <subfield code="a">000132</subfield>
    <subfield code="a">000516</subfield>
    <subfield code="a">000213</subfield>
    <subfield code="a">000301</subfield>
    <subfield code="a">000203</subfield>
    <subfield code="a">000101</subfield>
    <subfield code="a">000034</subfield>
    <subfield code="a">000145</subfield>
    <subfield code="a">000218</subfield>
    <subfield code="a">000203</subfield>
    <subfield code="a">000129</subfield>
    <subfield code="a">000219</subfield>
    <subfield code="a">000314</subfield>
    <subfield code="a">000154</subfield>
    <subfield code="a">000204</subfield>
    <subfield code="a">000244</subfield>
    <subfield code="a">000220</subfield>
    <subfield code="a">000338</subfield>
    <subfield code="a">000434</subfield>
    <subfield code="a">000125</subfield>
    <subfield code="a">000401</subfield>
    <subfield code="a">000203</subfield>
    <subfield code="a">000158</subfield>
    <subfield code="a">000313</subfield>
    <subfield code="a">000334</subfield>
    <subfield code="a">000359</subfield>
  </datafield>
  <datafield tag="546" ind1=" " ind2=" ">
    <subfield code="a">Sung in Finnish, German, and Italian.</subfield>
  </datafield>
  <datafield tag="538" ind1=" " ind2=" ">
    <subfield code="a">Compact disc.</subfield>
  </datafield>
  <datafield tag="511" ind1="0" ind2=" ">
    <subfield code="a">Jorma Hynninen, baritone ; with various pianists, orchestras, and conductors.</subfield>
  </datafield>
  <datafield tag="518" ind1=" " ind2=" ">
    <subfield code="a">Recorded 1963-1997.</subfield>
  </datafield>
  <datafield tag="500" ind1=" " ind2=" ">
    <subfield code="a">Program notes in English and Finnish (10 p. : port.) inserted in container.</subfield>
  </datafield>
  <datafield tag="505" ind1="0" ind2=" ">
    <subfield code="a">Saavu Immanuel (1:08) / Bach -- Aamulaulu (1:32) / Kuula -- Alzati! Là tuo figlio (5:16) / Verdi -- Jäähyväiset (2:13) / Karjalainen -- Kolme sokeata sisarta (3:01) / Sibelius -- Dichterliebe: Im wunderschönen Monat Mai (2:03), Aus meinen Tränen spriessen (1:01), Die Rose, die Lilie, die Taube, die Sonne (:34), Wenn ich in deine Augen seh&apos; (1:45) / Schumann -- Die schöne Müllerin: Das Wandern (2:18), Wohin? (2:03), Halt! (1:29) / Schubert -- Winterreise: Die Post (2:19), Der greise Kopf (3:14), Die Krähe (1:54) / Schubert -- Der Tod und der einsame Trinker (2:04) / Kilpinen -- Yrtit tummat (2:44) / Madetoja -- Tällaista elämää miten jatkaa sa voit (2:20) / Leoncavallo -- O Carlo, ascoltà [i.e., ascolta] (3:38) / Verdi -- Hai già vinto la causa! Mentr&apos;io sospiro (4:34) / Mozart -- Fin ch&apos;han dal vino (1:25) / Mozart -- Ya vas lyublyu, lyublyu bezmerno (4:01) / Tchaikovsky --Kas! Tuolla lentää haukka (2:03) / Madetoja -- Piiretään! Hyvähän se on sanoa (1:58) / Sallinen -- Tätä matkaa kestää (3:13) / Rautavaara -- Auf denn zum letzten Stück des Wegs (3:34) / Hindemith -- Sydämeni laulu (3:59) / Rautavaara.</subfield>
  </datafield>
  <datafield tag="650" ind1=" " ind2="0">
    <subfield code="a">Songs (Medium voice) with piano.</subfield>
  </datafield>
  <datafield tag="650" ind1=" " ind2="0">
    <subfield code="a">Songs (Medium voice) with orchestra.</subfield>
  </datafield>
  <datafield tag="650" ind1=" " ind2="0">
    <subfield code="a">Operas</subfield>
    <subfield code="v">Excerpts.</subfield>
  </datafield>
</record>