
<record>
  <leader>02421cjm a22005411a 4500</leader>
  <controlfield tag="001">   00272582 </controlfield>
  <controlfield tag="003">DLC</controlfield>
  <controlfield tag="005">20150502103919.0</controlfield>
  <controlfield tag="007">sd|fsngnnmmned</controlfield>
  <controlfield tag="008">000329s1999    dk mun   efhi       dan d</controlfield>
  <datafield tag="010" ind1=" " ind2=" ">
    <subfield code="a">   00272582 </subfield>
  </datafield>
  <datafield tag="024" ind1="1" ind2=" ">
    <subfield code="a">730099983822</subfield>
  </datafield>
  <datafield tag="028" ind1="0" ind2="2">
    <subfield code="a">8.224138</subfield>
    <subfield code="b">dacapo</subfield>
  </datafield>
  <datafield tag="028" ind1="0" ind2="2">
    <subfield code="a">8.224138</subfield>
    <subfield code="b">Dacapo</subfield>
  </datafield>
  <datafield tag="035" ind1=" " ind2=" ">
    <subfield code="a">(OCoLC)ocm43704488</subfield>
  </datafield>
  <datafield tag="040" ind1=" " ind2=" ">
    <subfield code="a">CIN</subfield>
    <subfield code="c">CIN</subfield>
    <subfield code="d">DLC</subfield>
  </datafield>
  <datafield tag="041" ind1="0" ind2=" ">
    <subfield code="d">dan</subfield>
    <subfield code="e">danengger</subfield>
    <subfield code="h">dan</subfield>
    <subfield code="g">enggerdan</subfield>
  </datafield>
  <datafield tag="042" ind1=" " ind2=" ">
    <subfield code="a">lcderive</subfield>
  </datafield>
  <datafield tag="050" ind1="0" ind2="0">
    <subfield code="a">SDA 15343</subfield>
  </datafield>
  <datafield tag="100" ind1="1" ind2=" ">
    <subfield code="a">Dalberg, Nancy,</subfield>
    <subfield code="d">1881-1949.</subfield>
  </datafield>
  <datafield tag="240" ind1="1" ind2="0">
    <subfield code="a">Works.</subfield>
    <subfield code="k">Selections</subfield>
  </datafield>
  <datafield tag="245" ind1="0" ind2="0">
    <subfield code="a">Vocal &amp; instrumental works</subfield>
    <subfield code="h">[sound recording] /</subfield>
    <subfield code="c">Nancy Dalberg.</subfield>
  </datafield>
  <datafield tag="260" ind1=" " ind2=" ">
    <subfield code="a">Copenhagen :</subfield>
    <subfield code="b">Dacapo,</subfield>
    <subfield code="c">p1999.</subfield>
  </datafield>
  <datafield tag="300" ind1=" " ind2=" ">
    <subfield code="a">1 sound disc :</subfield>
    <subfield code="b">digital ;</subfield>
    <subfield code="c">4 3/4 in.</subfield>
  </datafield>
  <datafield tag="306" ind1=" " ind2=" ">
    <subfield code="a">000809</subfield>
    <subfield code="a">001120</subfield>
    <subfield code="a">002523</subfield>
    <subfield code="a">002346</subfield>
    <subfield code="a">000551</subfield>
  </datafield>
  <datafield tag="440" ind1=" " ind2="0">
    <subfield code="a">Early 20th century</subfield>
  </datafield>
  <datafield tag="511" ind1="0" ind2=" ">
    <subfield code="a">1st-2nd works: Danish Philharmonic Orchestra ; Frans Rasmussen, conductor. 3rd work: Carl Nielsen Quartet. 4th work: Lars Thodberg Bertelsen, baritone ; Frode Stengaard, piano. 5th work: Søren Elbæk, violin ; Morten Mogensen, piano.</subfield>
  </datafield>
  <datafield tag="518" ind1=" " ind2=" ">
    <subfield code="a">Recorded in 1999.</subfield>
  </datafield>
  <datafield tag="500" ind1=" " ind2=" ">
    <subfield code="a">Compact disc.</subfield>
  </datafield>
  <datafield tag="500" ind1=" " ind2=" ">
    <subfield code="a">Program notes in English, German, and Danish, and texts of the songs with English and German translations in container.</subfield>
  </datafield>
  <datafield tag="505" ind1="0" ind2=" ">
    <subfield code="a">Capriccio for orchestra : c. 1918 (8:09) -- Scherzo for string orchestra, op. 6, 1914 (11:20) -- String quartet no. 2 in G minor, op. 14, c. 1922 (25:23) -- Songs (23:46) -- Fantasy piece for violin and piano, 1921 (5:51).</subfield>
  </datafield>
  <datafield tag="650" ind1=" " ind2="0">
    <subfield code="a">Orchestral music.</subfield>
  </datafield>
  <datafield tag="650" ind1=" " ind2="0">
    <subfield code="a">String orchestra music.</subfield>
  </datafield>
  <datafield tag="650" ind1=" " ind2="0">
    <subfield code="a">String quartets.</subfield>
  </datafield>
  <datafield tag="650" ind1=" " ind2="0">
    <subfield code="a">Songs (Medium voice) with piano.</subfield>
  </datafield>
  <datafield tag="650" ind1=" " ind2="0">
    <subfield code="a">Violin and piano music.</subfield>
  </datafield>
  <datafield tag="700" ind1="1" ind2=" ">
    <subfield code="a">Rasmussen, Frans.</subfield>
    <subfield code="4">cnd</subfield>
  </datafield>
  <datafield tag="700" ind1="1" ind2=" ">
    <subfield code="a">Bertelsen, Lars Thodberg.</subfield>
    <subfield code="4">prf</subfield>
  </datafield>
  <datafield tag="700" ind1="1" ind2=" ">
    <subfield code="a">Stengaard, Frode.</subfield>
    <subfield code="4">prf</subfield>
  </datafield>
  <datafield tag="700" ind1="1" ind2=" ">
    <subfield code="a">Elbæk, Søren,</subfield>
    <subfield code="d">1966-</subfield>
    <subfield code="4">prf</subfield>
  </datafield>
  <datafield tag="700" ind1="1" ind2=" ">
    <subfield code="a">Mogensen, Morten,</subfield>
    <subfield code="d">1965-</subfield>
    <subfield code="4">prf</subfield>
  </datafield>
  <datafield tag="700" ind1="1" ind2="2">
    <subfield code="a">Dalberg, Nancy,</subfield>
    <subfield code="d">1881-1949.</subfield>
    <subfield code="t">Capriccio,</subfield>
    <subfield code="m">orchestra,</subfield>
    <subfield code="r">B minor.</subfield>
  </datafield>
  <datafield tag="700" ind1="1" ind2="2">
    <subfield code="a">Dalberg, Nancy,</subfield>
    <subfield code="d">1881-1949.</subfield>
    <subfield code="t">Scherzo,</subfield>
    <subfield code="m">string orchestra,</subfield>
    <subfield code="n">op. 6.</subfield>
  </datafield>
  <datafield tag="700" ind1="1" ind2="2">
    <subfield code="a">Dalberg, Nancy,</subfield>
    <subfield code="d">1881-1949.</subfield>
    <subfield code="t">Quartets,</subfield>
    <subfield code="m">violins (2), viola, cello,</subfield>
    <subfield code="n">no. 2, op. 14,</subfield>
    <subfield code="r">G minor.</subfield>
  </datafield>
  <datafield tag="700" ind1="1" ind2="2">
    <subfield code="a">Dalberg, Nancy,</subfield>
    <subfield code="d">1881-1949.</subfield>
    <subfield code="t">Songs.</subfield>
    <subfield code="k">Selections.</subfield>
  </datafield>
  <datafield tag="700" ind1="1" ind2="2">
    <subfield code="a">Dalberg, Nancy,</subfield>
    <subfield code="d">1881-1949.</subfield>
    <subfield code="t">Fantasistykke,</subfield>
    <subfield code="m">violin, piano.</subfield>
  </datafield>
  <datafield tag="710" ind1="2" ind2=" ">
    <subfield code="a">Sønderjyllands symfoniorkester.</subfield>
    <subfield code="4">prf</subfield>
  </datafield>
  <datafield tag="710" ind1="2" ind2=" ">
    <subfield code="a">Carl Nielsen Kvartetten.</subfield>
    <subfield code="4">prf</subfield>
  </datafield>
</record>