
<record>
  <leader>02343cjm a22005051a 4500</leader>
  <controlfield tag="001">   00272583 </controlfield>
  <controlfield tag="003">DLC</controlfield>
  <controlfield tag="005">20050713133035.0</controlfield>
  <controlfield tag="007">sd|fsngnnmmned</controlfield>
  <controlfield tag="008">000329p19991997dk sgn   defhi      dan d</controlfield>
  <datafield tag="028" ind1="0" ind2="2">
    <subfield code="a">8.224136</subfield>
    <subfield code="b">dacapo</subfield>
  </datafield>
  <datafield tag="050" ind1="0" ind2="0">
    <subfield code="a">SDA 16309</subfield>
  </datafield>
  <datafield tag="010" ind1=" " ind2=" ">
    <subfield code="a">   00272583 </subfield>
  </datafield>
  <datafield tag="024" ind1="1" ind2=" ">
    <subfield code="a">730099983624</subfield>
  </datafield>
  <datafield tag="028" ind1="0" ind2="2">
    <subfield code="a">8.224136</subfield>
    <subfield code="b">Dacapo</subfield>
  </datafield>
  <datafield tag="035" ind1=" " ind2=" ">
    <subfield code="a">(OCoLC)ocm43724655</subfield>
  </datafield>
  <datafield tag="040" ind1=" " ind2=" ">
    <subfield code="a">CIN</subfield>
    <subfield code="c">CIN</subfield>
    <subfield code="d">DLC</subfield>
  </datafield>
  <datafield tag="041" ind1="0" ind2=" ">
    <subfield code="d">dan</subfield>
    <subfield code="e">danengger</subfield>
    <subfield code="h">dan</subfield>
    <subfield code="g">enggerdan</subfield>
  </datafield>
  <datafield tag="042" ind1=" " ind2=" ">
    <subfield code="a">lcderive</subfield>
  </datafield>
  <datafield tag="100" ind1="1" ind2=" ">
    <subfield code="a">Langgaard, Rued,</subfield>
    <subfield code="d">1893-1952.</subfield>
  </datafield>
  <datafield tag="240" ind1="1" ind2="0">
    <subfield code="a">Vocal music.</subfield>
    <subfield code="k">Selections</subfield>
  </datafield>
  <datafield tag="245" ind1="1" ind2="0">
    <subfield code="a">Sinfonia interna</subfield>
    <subfield code="h">[sound recording] /</subfield>
    <subfield code="c">Rued Langgaard.</subfield>
  </datafield>
  <datafield tag="260" ind1=" " ind2=" ">
    <subfield code="a">Copenhagen :</subfield>
    <subfield code="b">Dacapo,</subfield>
    <subfield code="c">p1999.</subfield>
  </datafield>
  <datafield tag="300" ind1=" " ind2=" ">
    <subfield code="a">1 sound disc :</subfield>
    <subfield code="b">digital ;</subfield>
    <subfield code="c">4 3/4 in.</subfield>
  </datafield>
  <datafield tag="306" ind1=" " ind2=" ">
    <subfield code="a">000753</subfield>
    <subfield code="a">000804</subfield>
    <subfield code="a">002736</subfield>
    <subfield code="a">001812</subfield>
    <subfield code="a">000300</subfield>
  </datafield>
  <datafield tag="440" ind1=" " ind2="0">
    <subfield code="a">Late romantic</subfield>
  </datafield>
  <datafield tag="546" ind1=" " ind2=" ">
    <subfield code="a">Sung in Danish.</subfield>
  </datafield>
  <datafield tag="511" ind1="0" ind2=" ">
    <subfield code="a">Anne Marrethe Dahl, soprano ; Pia Hansen, mezzo-soprano ; Jens Krogsgaard Jensen, tenor ; Canzone Choir ; Aarhus Symphony Orchestra ; Frans Rasmussen, conductor.</subfield>
  </datafield>
  <datafield tag="518" ind1=" " ind2=" ">
    <subfield code="a">Recorded 7-8 March 1997 and 13-14 Feb. 1998, Frichsparken, Århus.</subfield>
  </datafield>
  <datafield tag="500" ind1=" " ind2=" ">
    <subfield code="a">Compact disc.</subfield>
  </datafield>
  <datafield tag="500" ind1=" " ind2=" ">
    <subfield code="a">Program notes in English, German, and Danish, and texts of the songs with English and German translations in container.</subfield>
  </datafield>
  <datafield tag="505" ind1="0" ind2=" ">
    <subfield code="a">Stjernen i øst : BVN 180, 1915/1916/1923/1927 : concert piece for soprano and orchestra (7:53) -- Hav og sol : BVN 102, 1915/1940s : for mezzo-soprano, chorus and orchestra (8:04) -- Drømmen : BVN 98, 1915-16/1945 : for soprano and tenor, chorus and orchestra (27:36) -- Angelus : BVN 233, 1915/1937/1944 : for two sopranos, chorus and orchestra (18:12) -- Epilog : BVN 122, 5, 1915/1916 : for chorus and orchestra.</subfield>
  </datafield>
  <datafield tag="650" ind1=" " ind2="0">
    <subfield code="a">Songs (High voice) with orchestra.</subfield>
  </datafield>
  <datafield tag="650" ind1=" " ind2="0">
    <subfield code="a">Choruses, Secular (Mixed voices) with orchestra.</subfield>
  </datafield>
  <datafield tag="700" ind1="1" ind2=" ">
    <subfield code="a">Dahl, Anne Margrethe.</subfield>
    <subfield code="4">prf</subfield>
  </datafield>
  <datafield tag="700" ind1="1" ind2=" ">
    <subfield code="a">Hansen, Pia.</subfield>
    <subfield code="4">prf</subfield>
  </datafield>
  <datafield tag="700" ind1="1" ind2=" ">
    <subfield code="a">Jensen, Jens Krogsgaard.</subfield>
    <subfield code="4">cnd</subfield>
  </datafield>
  <datafield tag="700" ind1="1" ind2=" ">
    <subfield code="a">Rasmussen, Frans.</subfield>
    <subfield code="4">cnd</subfield>
  </datafield>
  <datafield tag="700" ind1="1" ind2="2">
    <subfield code="a">Langgaard, Rued,</subfield>
    <subfield code="d">1893-1952.</subfield>
    <subfield code="t">Stjernen i øst.</subfield>
  </datafield>
  <datafield tag="700" ind1="1" ind2="2">
    <subfield code="a">Langgaard, Rued,</subfield>
    <subfield code="d">1893-1952.</subfield>
    <subfield code="t">Hav og sol.</subfield>
  </datafield>
  <datafield tag="700" ind1="1" ind2="2">
    <subfield code="a">Langgaard, Rued,</subfield>
    <subfield code="d">1893-1952.</subfield>
    <subfield code="t">Drømmen.</subfield>
  </datafield>
  <datafield tag="700" ind1="1" ind2="2">
    <subfield code="a">Langgaard, Rued,</subfield>
    <subfield code="d">1893-1952.</subfield>
    <subfield code="t">Angelus.</subfield>
  </datafield>
  <datafield tag="700" ind1="1" ind2="2">
    <subfield code="a">Langgaard, Rued,</subfield>
    <subfield code="d">1893-1952.</subfield>
    <subfield code="t">Epilog.</subfield>
  </datafield>
  <datafield tag="710" ind1="2" ind2=" ">
    <subfield code="a">Canzone-koret.</subfield>
    <subfield code="4">prf</subfield>
  </datafield>
  <datafield tag="710" ind1="2" ind2=" ">
    <subfield code="a">Aarhus symfoniorkester.</subfield>
    <subfield code="4">prf</subfield>
  </datafield>
</record>