
<record>
  <leader>02209cjm a2200385 a 4500</leader>
  <controlfield tag="001">   00272994 </controlfield>
  <controlfield tag="003">DLC</controlfield>
  <controlfield tag="005">20070904082838.0</controlfield>
  <controlfield tag="007">sd fzngnnnmneu</controlfield>
  <controlfield tag="008">981105r19991929gw zzn|  z        | zxx  </controlfield>
  <datafield tag="010" ind1=" " ind2=" ">
    <subfield code="a">   00272994 </subfield>
  </datafield>
  <datafield tag="035" ind1=" " ind2=" ">
    <subfield code="a">(OCoLC)ocm40246716</subfield>
  </datafield>
  <datafield tag="040" ind1=" " ind2=" ">
    <subfield code="a">DLC</subfield>
    <subfield code="c">DLC</subfield>
  </datafield>
  <datafield tag="050" ind1="0" ind2="0">
    <subfield code="a">SDB 65085, etc.</subfield>
  </datafield>
  <datafield tag="245" ind1="0" ind2="0">
    <subfield code="a">IDEAMA target collection</subfield>
    <subfield code="h">[sound recording] /</subfield>
    <subfield code="c">produced by ZKM.</subfield>
  </datafield>
  <datafield tag="246" ind1="3" ind2=" ">
    <subfield code="i">Title on containers:</subfield>
    <subfield code="a">International Digital ElectroAcoustic Music Archive target collection</subfield>
  </datafield>
  <datafield tag="246" ind1="3" ind2=" ">
    <subfield code="i">Parallel title on containers:</subfield>
    <subfield code="a">Internationales digitales elektroakustisches Musikarchiv target collection</subfield>
  </datafield>
  <datafield tag="246" ind1="3" ind2=" ">
    <subfield code="i">Parallel title on containers:</subfield>
    <subfield code="a">Archives numériques internationales de musique électroacoustique target collection</subfield>
  </datafield>
  <datafield tag="260" ind1=" " ind2=" ">
    <subfield code="a">Karlsruhe :</subfield>
    <subfield code="b">ZKM/Mediathek-Audiothek,</subfield>
    <subfield code="c">[1999]</subfield>
  </datafield>
  <datafield tag="300" ind1=" " ind2=" ">
    <subfield code="a">141 sound discs :</subfield>
    <subfield code="b">digital ;</subfield>
    <subfield code="c">4 3/4 in. +</subfield>
    <subfield code="e">1 CD-ROM (4 3/4 in.)</subfield>
  </datafield>
  <datafield tag="500" ind1=" " ind2=" ">
    <subfield code="a">Title and information from accompanying IDEAMA catalog and database.</subfield>
  </datafield>
  <datafield tag="500" ind1=" " ind2=" ">
    <subfield code="a">Retrospective archival collection prepared by ZKM/Zentrum für Kunst und Medientechnologie Karlsruhe, in collaboration with Stanford University&apos;s Center for Computer Research in Music and Acoustics (CCRMA), for the preservation of electronic music. Comprises a representative international overview of 694 works composed between 1929 and 1971.</subfield>
  </datafield>
  <datafield tag="500" ind1=" " ind2=" ">
    <subfield code="a">Compact discs.</subfield>
  </datafield>
  <datafield tag="500" ind1=" " ind2=" ">
    <subfield code="a">Accompanying information sheet written by Thomas Gerwin.</subfield>
  </datafield>
  <datafield tag="538" ind1=" " ind2=" ">
    <subfield code="a">System requirements for accompanying CD-ROM: PC.</subfield>
  </datafield>
  <datafield tag="500" ind1=" " ind2=" ">
    <subfield code="a">For detailed contents of discs in this collection held by the Library, request CD-ROM and/or printed finding aid in the Recorded Sound Reference Center.</subfield>
    <subfield code="5">DLC</subfield>
  </datafield>
  <datafield tag="500" ind1=" " ind2=" ">
    <subfield code="a">LC has 95 CDs attached to this record; commercially produced CDs (46) listed in the database have separate catalog records.</subfield>
    <subfield code="5">DLC</subfield>
  </datafield>
  <datafield tag="500" ind1=" " ind2=" ">
    <subfield code="a">LC shelf numbers are 68085 through 65179.</subfield>
    <subfield code="5">DLC</subfield>
  </datafield>
  <datafield tag="650" ind1=" " ind2="0">
    <subfield code="a">Electronic music.</subfield>
  </datafield>
  <datafield tag="650" ind1=" " ind2="0">
    <subfield code="a">Computer music.</subfield>
  </datafield>
  <datafield tag="650" ind1=" " ind2="0">
    <subfield code="a">Musique concrète.</subfield>
  </datafield>
  <datafield tag="650" ind1=" " ind2="0">
    <subfield code="a">Synthesizer music.</subfield>
  </datafield>
  <datafield tag="700" ind1="1" ind2=" ">
    <subfield code="a">Gerwin, Thomas.</subfield>
  </datafield>
  <datafield tag="710" ind1="2" ind2=" ">
    <subfield code="a">Zentrum für Kunst und Medientechnologie Karlsruhe.</subfield>
  </datafield>
  <datafield tag="710" ind1="2" ind2=" ">
    <subfield code="a">Stanford University.</subfield>
    <subfield code="b">Center for Computer Research in Music and Acoustics.</subfield>
  </datafield>
</record>