
<record>
  <leader>00511ncm a22001575a 4500</leader>
  <controlfield tag="001">   00274606 </controlfield>
  <controlfield tag="003">DLC</controlfield>
  <controlfield tag="005">20000105093619.0</controlfield>
  <controlfield tag="008">000105s1998    gw uu          n         </controlfield>
  <datafield tag="010" ind1=" " ind2=" ">
    <subfield code="a">   00274606 </subfield>
  </datafield>
  <datafield tag="028" ind1="2" ind2="2">
    <subfield code="a">TM 300 E</subfield>
    <subfield code="b">Tre Media</subfield>
  </datafield>
  <datafield tag="040" ind1=" " ind2=" ">
    <subfield code="a">DLC</subfield>
    <subfield code="c">DLC</subfield>
  </datafield>
  <datafield tag="100" ind1="1" ind2=" ">
    <subfield code="a">Wyttenbach, Jürg.</subfield>
  </datafield>
  <datafield tag="245" ind1="1" ind2="0">
    <subfield code="a">Harmonie mit schräger Dämpfung :</subfield>
    <subfield code="b">sieben Gedichte von Paul Klee für eine rezitierende, singende Geigerin (1991) /</subfield>
    <subfield code="c">Jürg Wyttenbach.</subfield>
  </datafield>
  <datafield tag="260" ind1=" " ind2=" ">
    <subfield code="a">Karlsruhe :</subfield>
    <subfield code="b">Tre Media,</subfield>
    <subfield code="c">c1998.</subfield>
  </datafield>
  <datafield tag="300" ind1=" " ind2=" ">
    <subfield code="a">1 Score (14 p.)</subfield>
  </datafield>
</record>