
<record>
  <leader>01311ccm a2200349 a 4500</leader>
  <controlfield tag="001">   00274607 </controlfield>
  <controlfield tag="003">DLC</controlfield>
  <controlfield tag="005">20071003080419.0</controlfield>
  <controlfield tag="008">990820s1998    gw sgz         n    eng d</controlfield>
  <datafield tag="010" ind1=" " ind2=" ">
    <subfield code="a">   00274607 </subfield>
  </datafield>
  <datafield tag="028" ind1="3" ind2="0">
    <subfield code="a">313</subfield>
    <subfield code="b">Tre Media</subfield>
  </datafield>
  <datafield tag="028" ind1="2" ind2="2">
    <subfield code="a">TM 313 E</subfield>
    <subfield code="b">Tre Media</subfield>
  </datafield>
  <datafield tag="035" ind1=" " ind2=" ">
    <subfield code="a">(OCoLC)ocm42202029</subfield>
  </datafield>
  <datafield tag="040" ind1=" " ind2=" ">
    <subfield code="a">BUF</subfield>
    <subfield code="c">BUF</subfield>
    <subfield code="d">DLC</subfield>
  </datafield>
  <datafield tag="041" ind1="1" ind2=" ">
    <subfield code="a">eng</subfield>
    <subfield code="e">engger</subfield>
    <subfield code="h">eng</subfield>
  </datafield>
  <datafield tag="042" ind1=" " ind2=" ">
    <subfield code="a">lccopycat</subfield>
  </datafield>
  <datafield tag="050" ind1="0" ind2="0">
    <subfield code="a">M42</subfield>
    <subfield code="b">.W</subfield>
  </datafield>
  <datafield tag="100" ind1="1" ind2=" ">
    <subfield code="a">Wyttenbach, Jürg.</subfield>
  </datafield>
  <datafield tag="245" ind1="1" ind2="0">
    <subfield code="a">On cheating the fiddler :</subfield>
    <subfield code="b">five little poems by Dorothy Parker, 1993 : for a singing violinist /</subfield>
    <subfield code="c">Jürg Wyttenbach.</subfield>
  </datafield>
  <datafield tag="260" ind1=" " ind2=" ">
    <subfield code="a">Karlsruhe :</subfield>
    <subfield code="b">Tre Media,</subfield>
    <subfield code="c">c1998.</subfield>
  </datafield>
  <datafield tag="300" ind1=" " ind2=" ">
    <subfield code="a">[6] p. of music ;</subfield>
    <subfield code="c">30 x 42 cm.</subfield>
  </datafield>
  <datafield tag="500" ind1=" " ind2=" ">
    <subfield code="a">Reproduced from holograph.</subfield>
  </datafield>
  <datafield tag="546" ind1=" " ind2=" ">
    <subfield code="a">English words; also printed as text with German translation preceing score.</subfield>
  </datafield>
  <datafield tag="505" ind1="0" ind2=" ">
    <subfield code="a">Faute de mieux -- Thought for a sunshiny morning -- Unfortunate coincidence -- Résumé -- On cheating the fiddler.</subfield>
  </datafield>
  <datafield tag="500" ind1=" " ind2=" ">
    <subfield code="a">Publisher&apos;s no.: Tre Media Edition 310.</subfield>
  </datafield>
  <datafield tag="650" ind1=" " ind2="0">
    <subfield code="a">Violin music.</subfield>
  </datafield>
  <datafield tag="650" ind1=" " ind2="0">
    <subfield code="a">Songs with violin.</subfield>
  </datafield>
  <datafield tag="650" ind1=" " ind2="0">
    <subfield code="a">Monologues with music (Violin)</subfield>
  </datafield>
  <datafield tag="600" ind1="1" ind2="0">
    <subfield code="a">Parker, Dorothy,</subfield>
    <subfield code="d">1893-1967</subfield>
    <subfield code="v">Musical settings.</subfield>
  </datafield>
  <datafield tag="600" ind1="1" ind2="0">
    <subfield code="a">Wyttenbach, Jürg</subfield>
    <subfield code="x">Manuscripts</subfield>
    <subfield code="v">Facsimiles.</subfield>
  </datafield>
  <datafield tag="650" ind1=" " ind2="0">
    <subfield code="a">Music</subfield>
    <subfield code="v">Manuscripts</subfield>
    <subfield code="v">Facsimiles.</subfield>
  </datafield>
  <datafield tag="700" ind1="1" ind2=" ">
    <subfield code="a">Parker, Dorothy,</subfield>
    <subfield code="d">1893-1967.</subfield>
  </datafield>
</record>