
<record>
  <leader>00372ncm a22001455a 4500</leader>
  <controlfield tag="001">   00274608 </controlfield>
  <controlfield tag="003">DLC</controlfield>
  <controlfield tag="005">20000105100212.0</controlfield>
  <controlfield tag="008">000105t19991998ne uu          n         </controlfield>
  <datafield tag="010" ind1=" " ind2=" ">
    <subfield code="a">   00274608 </subfield>
  </datafield>
  <datafield tag="040" ind1=" " ind2=" ">
    <subfield code="a">DLC</subfield>
    <subfield code="c">DLC</subfield>
  </datafield>
  <datafield tag="100" ind1="1" ind2=" ">
    <subfield code="a">Ketting, Otto.</subfield>
  </datafield>
  <datafield tag="245" ind1="1" ind2="0">
    <subfield code="a">Palace hotel :</subfield>
    <subfield code="b">for piano, 1998 /</subfield>
    <subfield code="c">Otto Ketting.</subfield>
  </datafield>
  <datafield tag="260" ind1=" " ind2=" ">
    <subfield code="a">Amsterdam :</subfield>
    <subfield code="b">Donemus,</subfield>
    <subfield code="c">1999, c1998.</subfield>
  </datafield>
  <datafield tag="300" ind1=" " ind2=" ">
    <subfield code="a">3 p.</subfield>
  </datafield>
</record>