
<record>
  <leader>00659ccm a2200217 a 4500</leader>
  <controlfield tag="001">   00274609 </controlfield>
  <controlfield tag="003">DLC</controlfield>
  <controlfield tag="005">20121215080407.0</controlfield>
  <controlfield tag="008">000106t19991998ne uua         n        d</controlfield>
  <datafield tag="010" ind1=" " ind2=" ">
    <subfield code="a">   00274609 </subfield>
  </datafield>
  <datafield tag="035" ind1=" " ind2=" ">
    <subfield code="a">(OCoLC)ocm43246968</subfield>
  </datafield>
  <datafield tag="040" ind1=" " ind2=" ">
    <subfield code="a">CIN</subfield>
    <subfield code="c">CIN</subfield>
    <subfield code="d">DLC</subfield>
  </datafield>
  <datafield tag="042" ind1=" " ind2=" ">
    <subfield code="a">lccopycat</subfield>
  </datafield>
  <datafield tag="050" ind1="0" ind2="0">
    <subfield code="a">M269</subfield>
    <subfield code="b">.K</subfield>
  </datafield>
  <datafield tag="100" ind1="1" ind2=" ">
    <subfield code="a">Ketting, Otto,</subfield>
    <subfield code="d">1935-2012.</subfield>
  </datafield>
  <datafield tag="245" ind1="1" ind2="0">
    <subfield code="a">Windsor Hotel :</subfield>
    <subfield code="b">for alto saxophone and piano, 1998 /</subfield>
    <subfield code="c">Otto Ketting.</subfield>
  </datafield>
  <datafield tag="260" ind1=" " ind2=" ">
    <subfield code="a">Amsterdam :</subfield>
    <subfield code="b">Donemus,</subfield>
    <subfield code="c">1999, c1998.</subfield>
  </datafield>
  <datafield tag="300" ind1=" " ind2=" ">
    <subfield code="a">1 score (3 leaves) + 1 part ([1] leaf) ;</subfield>
    <subfield code="c">35 cm.</subfield>
  </datafield>
  <datafield tag="306" ind1=" " ind2=" ">
    <subfield code="a">000300</subfield>
  </datafield>
  <datafield tag="500" ind1=" " ind2=" ">
    <subfield code="a">Duration: ca. 3:00.</subfield>
  </datafield>
  <datafield tag="650" ind1=" " ind2="0">
    <subfield code="a">Saxophone and piano music</subfield>
    <subfield code="v">Scores and parts.</subfield>
  </datafield>
</record>