
<record>
  <leader>00613ccm a22001934a 4500</leader>
  <controlfield tag="001">   00274610 </controlfield>
  <controlfield tag="003">DLC</controlfield>
  <controlfield tag="005">20150923073320.0</controlfield>
  <controlfield tag="008">000106s1998    ne uuz         n         </controlfield>
  <datafield tag="010" ind1=" " ind2=" ">
    <subfield code="a">   00274610 </subfield>
  </datafield>
  <datafield tag="040" ind1=" " ind2=" ">
    <subfield code="a">DLC</subfield>
    <subfield code="c">DLC</subfield>
    <subfield code="d">DLC</subfield>
  </datafield>
  <datafield tag="042" ind1=" " ind2=" ">
    <subfield code="a">pcc</subfield>
  </datafield>
  <datafield tag="050" ind1="0" ind2="0">
    <subfield code="a">M72</subfield>
    <subfield code="b">.D</subfield>
  </datafield>
  <datafield tag="100" ind1="1" ind2=" ">
    <subfield code="a">Dijk, Rudi Martinus van,</subfield>
    <subfield code="d">1932-2003.</subfield>
  </datafield>
  <datafield tag="245" ind1="1" ind2="0">
    <subfield code="a">Lament of a dying bird :</subfield>
    <subfield code="b">3 pieces for solo clarinet, 1974 /</subfield>
    <subfield code="c">Rudi M. van Dijk.</subfield>
  </datafield>
  <datafield tag="260" ind1=" " ind2=" ">
    <subfield code="a">Amsterdam :</subfield>
    <subfield code="b">Donemus,</subfield>
    <subfield code="c">c1998</subfield>
    <subfield code="g">(1999 printing)</subfield>
  </datafield>
  <datafield tag="300" ind1=" " ind2=" ">
    <subfield code="a">12 p. of music ;</subfield>
    <subfield code="c">35 cm.</subfield>
  </datafield>
  <datafield tag="500" ind1=" " ind2=" ">
    <subfield code="a">&quot;For clarinet in E flat (2) and B flat (1 &amp; 3)&quot;--T.p. verso.</subfield>
  </datafield>
  <datafield tag="650" ind1=" " ind2="0">
    <subfield code="a">Clarinet music.</subfield>
  </datafield>
</record>