
<record>
  <leader>00946ccm a2200289 a 4500</leader>
  <controlfield tag="001">   00274611 </controlfield>
  <controlfield tag="003">DLC</controlfield>
  <controlfield tag="005">20150923073320.0</controlfield>
  <controlfield tag="008">000106t19991998ne sga         n    eng d</controlfield>
  <datafield tag="010" ind1=" " ind2=" ">
    <subfield code="a">   00274611 </subfield>
  </datafield>
  <datafield tag="035" ind1=" " ind2=" ">
    <subfield code="a">(OCoLC)ocm44424517</subfield>
  </datafield>
  <datafield tag="040" ind1=" " ind2=" ">
    <subfield code="a">BUF</subfield>
    <subfield code="c">BUF</subfield>
    <subfield code="d">DLC</subfield>
  </datafield>
  <datafield tag="042" ind1=" " ind2=" ">
    <subfield code="a">lccopycat</subfield>
  </datafield>
  <datafield tag="045" ind1="2" ind2=" ">
    <subfield code="b">d1972</subfield>
  </datafield>
  <datafield tag="048" ind1=" " ind2=" ">
    <subfield code="a">va01</subfield>
    <subfield code="a">wa01</subfield>
    <subfield code="a">ka01</subfield>
  </datafield>
  <datafield tag="050" ind1="0" ind2="0">
    <subfield code="a">M1621.3</subfield>
    <subfield code="b">.D</subfield>
  </datafield>
  <datafield tag="100" ind1="1" ind2=" ">
    <subfield code="a">Dijk, Rudi Martinus van,</subfield>
    <subfield code="d">1932-2003.</subfield>
  </datafield>
  <datafield tag="245" ind1="1" ind2="0">
    <subfield code="a">Immobile Eden :</subfield>
    <subfield code="b">for soprano, flute, and piano, 1972 /</subfield>
    <subfield code="c">Rudi M. van Dijk ; on words by the composer.</subfield>
  </datafield>
  <datafield tag="260" ind1=" " ind2=" ">
    <subfield code="a">Amsterdam :</subfield>
    <subfield code="b">Donemus,</subfield>
    <subfield code="c">1999, c1998.</subfield>
  </datafield>
  <datafield tag="300" ind1=" " ind2=" ">
    <subfield code="a">1 score (21 p.) ;</subfield>
    <subfield code="c">35 cm.</subfield>
  </datafield>
  <datafield tag="306" ind1=" " ind2=" ">
    <subfield code="a">000850</subfield>
  </datafield>
  <datafield tag="500" ind1=" " ind2=" ">
    <subfield code="a">Reproduced from holograph.</subfield>
  </datafield>
  <datafield tag="546" ind1=" " ind2=" ">
    <subfield code="a">English words.</subfield>
  </datafield>
  <datafield tag="500" ind1=" " ind2=" ">
    <subfield code="a">Duration: ca. 8:50.</subfield>
  </datafield>
  <datafield tag="650" ind1=" " ind2="0">
    <subfield code="a">Songs (High voice) with instrumental ensemble</subfield>
    <subfield code="v">Scores.</subfield>
  </datafield>
  <datafield tag="600" ind1="1" ind2="0">
    <subfield code="a">Dijk, Rudi Martinus van,</subfield>
    <subfield code="d">1932-2003</subfield>
    <subfield code="v">Manuscripts</subfield>
    <subfield code="v">Facsimiles.</subfield>
  </datafield>
  <datafield tag="650" ind1=" " ind2="0">
    <subfield code="a">Music</subfield>
    <subfield code="v">Manuscripts</subfield>
    <subfield code="v">Facsimiles.</subfield>
  </datafield>
</record>