
<record>
  <leader>00602ccm a22002174a 4500</leader>
  <controlfield tag="001">   00274612 </controlfield>
  <controlfield tag="003">DLC</controlfield>
  <controlfield tag="005">20010713145535.0</controlfield>
  <controlfield tag="008">000106s1998    gw uuz         n         </controlfield>
  <datafield tag="010" ind1=" " ind2=" ">
    <subfield code="a">   00274612 </subfield>
  </datafield>
  <datafield tag="024" ind1="2" ind2=" ">
    <subfield code="a">M006504145</subfield>
  </datafield>
  <datafield tag="028" ind1="3" ind2="2">
    <subfield code="a">BA 7449</subfield>
    <subfield code="b">Bärenreiter</subfield>
  </datafield>
  <datafield tag="040" ind1=" " ind2=" ">
    <subfield code="a">DLC</subfield>
    <subfield code="c">DLC</subfield>
  </datafield>
  <datafield tag="042" ind1=" " ind2=" ">
    <subfield code="a">pcc</subfield>
  </datafield>
  <datafield tag="050" ind1="0" ind2="0">
    <subfield code="a">M42</subfield>
    <subfield code="b">.M</subfield>
  </datafield>
  <datafield tag="100" ind1="1" ind2=" ">
    <subfield code="a">Mahnkopf, Claus-Steffen.</subfield>
  </datafield>
  <datafield tag="245" ind1="1" ind2="0">
    <subfield code="a">Wladimir :</subfield>
    <subfield code="b">für Violine /</subfield>
    <subfield code="c">Claus-Steffen Mahnkopf.</subfield>
  </datafield>
  <datafield tag="260" ind1=" " ind2=" ">
    <subfield code="a">Kassel ;</subfield>
    <subfield code="a">New York :</subfield>
    <subfield code="b">Bärenreiter,</subfield>
    <subfield code="c">c1998.</subfield>
  </datafield>
  <datafield tag="300" ind1=" " ind2=" ">
    <subfield code="a">v leaves, 5 leaves of music ;</subfield>
    <subfield code="c">42 cm.</subfield>
  </datafield>
  <datafield tag="650" ind1=" " ind2="0">
    <subfield code="a">Violin music.</subfield>
  </datafield>
  <datafield tag="650" ind1=" " ind2="0">
    <subfield code="a">Microtonal music.</subfield>
  </datafield>
</record>