
<record>
  <leader>00658ccm a22002294a 4500</leader>
  <controlfield tag="001">   00274614 </controlfield>
  <controlfield tag="003">DLC</controlfield>
  <controlfield tag="005">20010725112529.0</controlfield>
  <controlfield tag="008">000106s1998    gw uua         n         </controlfield>
  <datafield tag="010" ind1=" " ind2=" ">
    <subfield code="a">   00274614 </subfield>
  </datafield>
  <datafield tag="024" ind1="2" ind2=" ">
    <subfield code="a">M006504169</subfield>
  </datafield>
  <datafield tag="028" ind1="3" ind2="2">
    <subfield code="a">BA 7451</subfield>
    <subfield code="b">Bärenreiter</subfield>
  </datafield>
  <datafield tag="040" ind1=" " ind2=" ">
    <subfield code="a">DLC</subfield>
    <subfield code="c">DLC</subfield>
  </datafield>
  <datafield tag="042" ind1=" " ind2=" ">
    <subfield code="a">pcc</subfield>
  </datafield>
  <datafield tag="050" ind1="0" ind2="0">
    <subfield code="a">M351.M25</subfield>
    <subfield code="b">W522 1998</subfield>
  </datafield>
  <datafield tag="100" ind1="1" ind2=" ">
    <subfield code="a">Mahnkopf, Claus-Steffen.</subfield>
  </datafield>
  <datafield tag="240" ind1="1" ind2="0">
    <subfield code="a">Wladimir,</subfield>
    <subfield code="n">no. 2b</subfield>
  </datafield>
  <datafield tag="245" ind1="1" ind2="0">
    <subfield code="a">Wladimir 2b :</subfield>
    <subfield code="b">für Streichtrio /</subfield>
    <subfield code="c">Claus-Steffen Mahnkopf.</subfield>
  </datafield>
  <datafield tag="260" ind1=" " ind2=" ">
    <subfield code="a">Kassel ;</subfield>
    <subfield code="a">New York :</subfield>
    <subfield code="b">Bärenreiter,</subfield>
    <subfield code="c">c1998.</subfield>
  </datafield>
  <datafield tag="300" ind1=" " ind2=" ">
    <subfield code="a">1 score (v, 11 leaves) ;</subfield>
    <subfield code="c">42 cm.</subfield>
  </datafield>
  <datafield tag="650" ind1=" " ind2="0">
    <subfield code="a">String trios</subfield>
    <subfield code="v">Scores.</subfield>
  </datafield>
  <datafield tag="650" ind1=" " ind2="0">
    <subfield code="a">Microtonal music.</subfield>
  </datafield>
</record>