
<record>
  <leader>00575ccm a22002054a 4500</leader>
  <controlfield tag="001">   00274615 </controlfield>
  <controlfield tag="003">DLC</controlfield>
  <controlfield tag="005">20010712152458.0</controlfield>
  <controlfield tag="008">000106s1998    gw uuz         n         </controlfield>
  <datafield tag="010" ind1=" " ind2=" ">
    <subfield code="a">   00274615 </subfield>
  </datafield>
  <datafield tag="024" ind1="2" ind2=" ">
    <subfield code="a">M006504138</subfield>
  </datafield>
  <datafield tag="028" ind1="3" ind2="2">
    <subfield code="a">BA 7448</subfield>
    <subfield code="b">Bärenreiter</subfield>
  </datafield>
  <datafield tag="040" ind1=" " ind2=" ">
    <subfield code="a">DLC</subfield>
    <subfield code="c">DLC</subfield>
  </datafield>
  <datafield tag="042" ind1=" " ind2=" ">
    <subfield code="a">pcc</subfield>
  </datafield>
  <datafield tag="050" ind1="0" ind2="0">
    <subfield code="a">M146</subfield>
    <subfield code="b">.M</subfield>
  </datafield>
  <datafield tag="100" ind1="1" ind2=" ">
    <subfield code="a">Mahnkopf, Claus-Steffen.</subfield>
  </datafield>
  <datafield tag="245" ind1="1" ind2="0">
    <subfield code="a">Trema :</subfield>
    <subfield code="b">für Schlagzeug /</subfield>
    <subfield code="c">Claus-Steffen Mahnkopf.</subfield>
  </datafield>
  <datafield tag="260" ind1=" " ind2=" ">
    <subfield code="a">Kassel ;</subfield>
    <subfield code="a">New York :</subfield>
    <subfield code="b">Bärenreiter,</subfield>
    <subfield code="c">c1998.</subfield>
  </datafield>
  <datafield tag="300" ind1=" " ind2=" ">
    <subfield code="a">[3] leaves, [1] leaf of music ;</subfield>
    <subfield code="c">42 cm.</subfield>
  </datafield>
  <datafield tag="650" ind1=" " ind2="0">
    <subfield code="a">Percussion music.</subfield>
  </datafield>
</record>