
<record>
  <leader>00941ccm a2200289 a 4500</leader>
  <controlfield tag="001">   00274617 </controlfield>
  <controlfield tag="003">DLC</controlfield>
  <controlfield tag="005">20010307095835.0</controlfield>
  <controlfield tag="008">000106s1998    gw coa         n        d</controlfield>
  <datafield tag="010" ind1=" " ind2=" ">
    <subfield code="a">   00274617 </subfield>
  </datafield>
  <datafield tag="024" ind1="2" ind2=" ">
    <subfield code="a">M006503605</subfield>
  </datafield>
  <datafield tag="028" ind1="2" ind2="2">
    <subfield code="a">BA 7685</subfield>
    <subfield code="b">Bärenreiter</subfield>
  </datafield>
  <datafield tag="035" ind1=" " ind2=" ">
    <subfield code="a">(OCoLC)ocm43415444</subfield>
  </datafield>
  <datafield tag="040" ind1=" " ind2=" ">
    <subfield code="a">UNL</subfield>
    <subfield code="c">UNL</subfield>
    <subfield code="d">NYP</subfield>
    <subfield code="d">DLC</subfield>
  </datafield>
  <datafield tag="042" ind1=" " ind2=" ">
    <subfield code="a">lccopycat</subfield>
  </datafield>
  <datafield tag="045" ind1="2" ind2=" ">
    <subfield code="b">d1996</subfield>
    <subfield code="b">d1997</subfield>
  </datafield>
  <datafield tag="048" ind1=" " ind2=" ">
    <subfield code="a">wb01</subfield>
    <subfield code="a">ba02</subfield>
    <subfield code="a">sa02</subfield>
    <subfield code="a">sb01</subfield>
    <subfield code="a">sc01</subfield>
    <subfield code="a">oc</subfield>
  </datafield>
  <datafield tag="050" ind1="0" ind2="0">
    <subfield code="a">M1045.S337</subfield>
    <subfield code="b">S66 1998</subfield>
  </datafield>
  <datafield tag="100" ind1="1" ind2=" ">
    <subfield code="a">Schlee, Thomas Daniel.</subfield>
  </datafield>
  <datafield tag="245" ind1="1" ind2="0">
    <subfield code="a">Sonata da camera :</subfield>
    <subfield code="b">für Oboe, zwei Hörner und Streicher, op. 42, 1996/97 /</subfield>
    <subfield code="c">Thomas Daniel Schlee.</subfield>
  </datafield>
  <datafield tag="254" ind1=" " ind2=" ">
    <subfield code="a">Partitur.</subfield>
  </datafield>
  <datafield tag="260" ind1=" " ind2=" ">
    <subfield code="a">Kassel [Germany] ;</subfield>
    <subfield code="a">New York :</subfield>
    <subfield code="b">Bärenreiter,</subfield>
    <subfield code="c">c1998.</subfield>
  </datafield>
  <datafield tag="300" ind1=" " ind2=" ">
    <subfield code="a">1 score (31 p.) ;</subfield>
    <subfield code="c">40 cm.</subfield>
  </datafield>
  <datafield tag="306" ind1=" " ind2=" ">
    <subfield code="a">001300</subfield>
  </datafield>
  <datafield tag="500" ind1=" " ind2=" ">
    <subfield code="a">Duration: ca. 13:00.</subfield>
  </datafield>
  <datafield tag="505" ind1="0" ind2=" ">
    <subfield code="a">Dolce (2:30) -- Presto (3:00) -- Notturno (4:30) -- Vivo (3:00).</subfield>
  </datafield>
  <datafield tag="650" ind1=" " ind2="0">
    <subfield code="a">Chamber orchestra music</subfield>
    <subfield code="v">Scores.</subfield>
  </datafield>
</record>