
<record>
  <leader>00916ccm a22002414a 4500</leader>
  <controlfield tag="001">   00274618 </controlfield>
  <controlfield tag="003">DLC</controlfield>
  <controlfield tag="005">20010718141943.0</controlfield>
  <controlfield tag="008">000106s1997    au uuz         n         </controlfield>
  <datafield tag="010" ind1=" " ind2=" ">
    <subfield code="a">   00274618 </subfield>
  </datafield>
  <datafield tag="024" ind1="2" ind2=" ">
    <subfield code="a">M008060939</subfield>
  </datafield>
  <datafield tag="028" ind1="2" ind2="2">
    <subfield code="a">UE 30 368</subfield>
    <subfield code="b">Universal</subfield>
  </datafield>
  <datafield tag="040" ind1=" " ind2=" ">
    <subfield code="a">DLC</subfield>
    <subfield code="c">DLC</subfield>
  </datafield>
  <datafield tag="042" ind1=" " ind2=" ">
    <subfield code="a">pcc</subfield>
  </datafield>
  <datafield tag="050" ind1="0" ind2="0">
    <subfield code="a">M107</subfield>
    <subfield code="b">.S</subfield>
  </datafield>
  <datafield tag="100" ind1="1" ind2=" ">
    <subfield code="a">Sotelo, Mauricio,</subfield>
    <subfield code="d">1961-</subfield>
  </datafield>
  <datafield tag="245" ind1="1" ind2="0">
    <subfield code="a">Argo :</subfield>
    <subfield code="b">für Saxophon solo (1997) = [Argos] /</subfield>
    <subfield code="c">Mauricio Sotelo.</subfield>
  </datafield>
  <datafield tag="246" ind1="3" ind2="1">
    <subfield code="a">Argos</subfield>
  </datafield>
  <datafield tag="260" ind1=" " ind2=" ">
    <subfield code="a">Wien :</subfield>
    <subfield code="b">Universal,</subfield>
    <subfield code="c">c1997.</subfield>
  </datafield>
  <datafield tag="300" ind1=" " ind2=" ">
    <subfield code="a">17 leaves of music ;</subfield>
    <subfield code="c">42 cm.</subfield>
  </datafield>
  <datafield tag="500" ind1=" " ind2=" ">
    <subfield code="a">&quot;The composer permits the following four performance possibilities: Argo (I-X) per saxofono alto/tenore ... Liebeslied I (I, II, IV) per saxofono alto ... Liebeslied II (VI, IX, X) per saxofono tenore .. Cantabile amoroso (IV, VI) per saxofono soprano oppure alto o tenore&quot;--Verso of t.p.</subfield>
  </datafield>
  <datafield tag="650" ind1=" " ind2="0">
    <subfield code="a">Saxophone music.</subfield>
  </datafield>
  <datafield tag="650" ind1=" " ind2="0">
    <subfield code="a">Microtonal music.</subfield>
  </datafield>
</record>