
<record>
  <leader>00934ccm a2200289 a 4500</leader>
  <controlfield tag="001">   00274620 </controlfield>
  <controlfield tag="003">DLC</controlfield>
  <controlfield tag="005">20001006112851.0</controlfield>
  <controlfield tag="008">000106s1997    ne sga   d     n    eng d</controlfield>
  <datafield tag="010" ind1=" " ind2=" ">
    <subfield code="a">   00274620 </subfield>
  </datafield>
  <datafield tag="035" ind1=" " ind2=" ">
    <subfield code="a">(OCoLC)ocm43916273</subfield>
  </datafield>
  <datafield tag="040" ind1=" " ind2=" ">
    <subfield code="a">NYP</subfield>
    <subfield code="c">NYP</subfield>
    <subfield code="d">DLC</subfield>
  </datafield>
  <datafield tag="042" ind1=" " ind2=" ">
    <subfield code="a">lccopycat</subfield>
  </datafield>
  <datafield tag="050" ind1="0" ind2="0">
    <subfield code="a">M1613.A518</subfield>
    <subfield code="b">K41 1999</subfield>
  </datafield>
  <datafield tag="100" ind1="1" ind2=" ">
    <subfield code="a">Altena, Maarten.</subfield>
  </datafield>
  <datafield tag="240" ind1="1" ind2="0">
    <subfield code="a">Keats,</subfield>
    <subfield code="n">no. 1</subfield>
  </datafield>
  <datafield tag="245" ind1="1" ind2="0">
    <subfield code="a">Keats I :</subfield>
    <subfield code="b">for high voice and chamber orchestra, 1997 /</subfield>
    <subfield code="c">Maarten Altena ; on words by John Keats.</subfield>
  </datafield>
  <datafield tag="246" ind1="3" ind2=" ">
    <subfield code="a">Keats 1</subfield>
  </datafield>
  <datafield tag="246" ind1="3" ind2=" ">
    <subfield code="a">Keats one</subfield>
  </datafield>
  <datafield tag="260" ind1=" " ind2=" ">
    <subfield code="a">Amsterdam :</subfield>
    <subfield code="b">Donemus,</subfield>
    <subfield code="c">c1997</subfield>
    <subfield code="g">(1999 printing).</subfield>
  </datafield>
  <datafield tag="300" ind1=" " ind2=" ">
    <subfield code="a">1 score ([4], 32 p.) ;</subfield>
    <subfield code="c">42 cm.</subfield>
  </datafield>
  <datafield tag="306" ind1=" " ind2=" ">
    <subfield code="a">0000900</subfield>
  </datafield>
  <datafield tag="500" ind1=" " ind2=" ">
    <subfield code="a">Words printed also as text on 3rd prelim. page.</subfield>
  </datafield>
  <datafield tag="500" ind1=" " ind2=" ">
    <subfield code="a">Duration: ca. 9:00.</subfield>
  </datafield>
  <datafield tag="650" ind1=" " ind2="0">
    <subfield code="a">Songs (High voice) with chamber orchestra</subfield>
    <subfield code="v">Scores.</subfield>
  </datafield>
  <datafield tag="600" ind1="1" ind2="0">
    <subfield code="a">Keats, John,</subfield>
    <subfield code="d">1795-1821</subfield>
    <subfield code="v">Musical settings.</subfield>
  </datafield>
  <datafield tag="700" ind1="1" ind2=" ">
    <subfield code="a">Keats, John,</subfield>
    <subfield code="d">1795-1821.</subfield>
  </datafield>
</record>