
<record>
  <leader>00575ccm a22001934a 4500</leader>
  <controlfield tag="001">   00274621 </controlfield>
  <controlfield tag="003">DLC</controlfield>
  <controlfield tag="005">20130524080913.0</controlfield>
  <controlfield tag="008">000106s1998    ne coa         n         </controlfield>
  <datafield tag="010" ind1=" " ind2=" ">
    <subfield code="a">   00274621 </subfield>
  </datafield>
  <datafield tag="040" ind1=" " ind2=" ">
    <subfield code="a">DLC</subfield>
    <subfield code="c">DLC</subfield>
  </datafield>
  <datafield tag="042" ind1=" " ind2=" ">
    <subfield code="a">pcc</subfield>
  </datafield>
  <datafield tag="050" ind1="0" ind2="0">
    <subfield code="a">M1205</subfield>
    <subfield code="b">.B</subfield>
  </datafield>
  <datafield tag="100" ind1="1" ind2=" ">
    <subfield code="a">Beurden, Bernard van.</subfield>
  </datafield>
  <datafield tag="240" ind1="1" ind2="0">
    <subfield code="a">Concertos,</subfield>
    <subfield code="m">cello, band</subfield>
  </datafield>
  <datafield tag="245" ind1="1" ind2="0">
    <subfield code="a">Concerto for violoncello and wind orchestra, 1998 /</subfield>
    <subfield code="c">Bernard van Beurden.</subfield>
  </datafield>
  <datafield tag="260" ind1=" " ind2=" ">
    <subfield code="a">Amsterdam :</subfield>
    <subfield code="b">Donemus,</subfield>
    <subfield code="c">c1998</subfield>
    <subfield code="g">(1999 printing)</subfield>
  </datafield>
  <datafield tag="300" ind1=" " ind2=" ">
    <subfield code="a">1 score (107 p.) ;</subfield>
    <subfield code="c">42 cm.</subfield>
  </datafield>
  <datafield tag="650" ind1=" " ind2="0">
    <subfield code="a">Concertos (Cello with band)</subfield>
    <subfield code="v">Scores.</subfield>
  </datafield>
</record>