
<record>
  <leader>00922ccm a2200277 a 4500</leader>
  <controlfield tag="001">   00274622 </controlfield>
  <controlfield tag="003">DLC</controlfield>
  <controlfield tag="005">20001006113140.0</controlfield>
  <controlfield tag="008">000106s1998    ne uua   hi    n    dut d</controlfield>
  <datafield tag="010" ind1=" " ind2=" ">
    <subfield code="a">   00274622 </subfield>
  </datafield>
  <datafield tag="035" ind1=" " ind2=" ">
    <subfield code="a">(OCoLC)ocm44087046</subfield>
  </datafield>
  <datafield tag="040" ind1=" " ind2=" ">
    <subfield code="a">NYP</subfield>
    <subfield code="c">NYP</subfield>
    <subfield code="d">DLC</subfield>
  </datafield>
  <datafield tag="042" ind1=" " ind2=" ">
    <subfield code="a">lccopycat</subfield>
  </datafield>
  <datafield tag="050" ind1="0" ind2="0">
    <subfield code="a">M1529.5</subfield>
    <subfield code="b">.B</subfield>
  </datafield>
  <datafield tag="100" ind1="1" ind2=" ">
    <subfield code="a">Beurden, Bernard van.</subfield>
  </datafield>
  <datafield tag="245" ind1="1" ind2="0">
    <subfield code="a">Wie is Lilith :</subfield>
    <subfield code="b">voor sopraan, mezzosopraan, alt, tenor en bariton, 1997 /</subfield>
    <subfield code="c">Bernard van Beurden ; op teksten van Lucebert.</subfield>
  </datafield>
  <datafield tag="246" ind1="1" ind2="6">
    <subfield code="a">Lilith</subfield>
  </datafield>
  <datafield tag="260" ind1=" " ind2=" ">
    <subfield code="a">Amsterdam :</subfield>
    <subfield code="b">Donemus,</subfield>
    <subfield code="c">c1998</subfield>
    <subfield code="g">(1999 printing)</subfield>
  </datafield>
  <datafield tag="300" ind1=" " ind2=" ">
    <subfield code="a">1 score (7 p.) ;</subfield>
    <subfield code="c">30 x 42 cm.</subfield>
  </datafield>
  <datafield tag="306" ind1=" " ind2=" ">
    <subfield code="a">000600</subfield>
  </datafield>
  <datafield tag="500" ind1=" " ind2=" ">
    <subfield code="a">Includes performance and program notes in Dutch.</subfield>
  </datafield>
  <datafield tag="500" ind1=" " ind2=" ">
    <subfield code="a">Duration: ca. 6:00.</subfield>
  </datafield>
  <datafield tag="650" ind1=" " ind2="0">
    <subfield code="a">Vocal quintets, Unaccompanied.</subfield>
  </datafield>
  <datafield tag="650" ind1=" " ind2="0">
    <subfield code="a">Lilith (Semitic mythology)</subfield>
    <subfield code="v">Songs and music.</subfield>
  </datafield>
  <datafield tag="600" ind1="0" ind2="0">
    <subfield code="a">Lucebert,</subfield>
    <subfield code="d">1924-</subfield>
    <subfield code="v">Musical settings.</subfield>
  </datafield>
  <datafield tag="700" ind1="0" ind2=" ">
    <subfield code="a">Lucebert,</subfield>
    <subfield code="d">1924-</subfield>
  </datafield>
</record>