
<record>
  <leader>00966ccm a2200241 a 4500</leader>
  <controlfield tag="001">   00274623 </controlfield>
  <controlfield tag="003">DLC</controlfield>
  <controlfield tag="005">20001010140312.0</controlfield>
  <controlfield tag="008">000106s1998    ne uua         n        d</controlfield>
  <datafield tag="010" ind1=" " ind2=" ">
    <subfield code="a">   00274623 </subfield>
  </datafield>
  <datafield tag="035" ind1=" " ind2=" ">
    <subfield code="a">(OCoLC)ocm43915711</subfield>
  </datafield>
  <datafield tag="040" ind1=" " ind2=" ">
    <subfield code="a">NYP</subfield>
    <subfield code="c">NYP</subfield>
    <subfield code="d">DLC</subfield>
  </datafield>
  <datafield tag="042" ind1=" " ind2=" ">
    <subfield code="a">lccopycat</subfield>
  </datafield>
  <datafield tag="050" ind1="0" ind2="0">
    <subfield code="a">M1034.S4</subfield>
    <subfield code="b">O56 1998</subfield>
  </datafield>
  <datafield tag="100" ind1="1" ind2=" ">
    <subfield code="a">Onna, Peter van.</subfield>
  </datafield>
  <datafield tag="245" ind1="1" ind2="0">
    <subfield code="a">Dalian images :</subfield>
    <subfield code="b">for alto saxophone and orchestra, 1998 /</subfield>
    <subfield code="c">Peter van Onna.</subfield>
  </datafield>
  <datafield tag="260" ind1=" " ind2=" ">
    <subfield code="a">Amsterdam :</subfield>
    <subfield code="b">Donemus,</subfield>
    <subfield code="c">c1998.</subfield>
  </datafield>
  <datafield tag="300" ind1=" " ind2=" ">
    <subfield code="a">1 score ( 138 p.) ;</subfield>
    <subfield code="c">42 cm.</subfield>
  </datafield>
  <datafield tag="306" ind1=" " ind2=" ">
    <subfield code="a">003000</subfield>
  </datafield>
  <datafield tag="500" ind1=" " ind2=" ">
    <subfield code="a">Duration: ca. 30:00.</subfield>
  </datafield>
  <datafield tag="500" ind1=" " ind2=" ">
    <subfield code="a">&quot;Constitutes the fourth part of an orchestral cycle in which the visual arts are the subject&quot;--T.p. verso.</subfield>
  </datafield>
  <datafield tag="505" ind1="0" ind2=" ">
    <subfield code="a">Prologue -- The persistence of memory -- 1st atavism -- Apparition of the city of Delft -- 2nd atavism -- Portrait of Picasso -- 3rd atavism (cadenza) -- The temptation of Saint Anthony -- Epilogue.</subfield>
  </datafield>
  <datafield tag="650" ind1=" " ind2="0">
    <subfield code="a">Saxophone with orchestra</subfield>
    <subfield code="v">Scores.</subfield>
  </datafield>
</record>