
<record>
  <leader>00608ccm a22001934a 4500</leader>
  <controlfield tag="001">   00274624 </controlfield>
  <controlfield tag="003">DLC</controlfield>
  <controlfield tag="005">20010109115430.0</controlfield>
  <controlfield tag="008">000106s1997    ne uua         n    eng  </controlfield>
  <datafield tag="010" ind1=" " ind2=" ">
    <subfield code="a">   00274624 </subfield>
  </datafield>
  <datafield tag="040" ind1=" " ind2=" ">
    <subfield code="a">DLC</subfield>
    <subfield code="c">DLC</subfield>
  </datafield>
  <datafield tag="042" ind1=" " ind2=" ">
    <subfield code="a">pcc</subfield>
  </datafield>
  <datafield tag="050" ind1="0" ind2="0">
    <subfield code="a">M1625.D73</subfield>
    <subfield code="b">M3 1997</subfield>
  </datafield>
  <datafield tag="100" ind1="1" ind2=" ">
    <subfield code="a">Dramm, David,</subfield>
    <subfield code="d">1961-</subfield>
  </datafield>
  <datafield tag="245" ind1="1" ind2="0">
    <subfield code="a">Master bop blaster :</subfield>
    <subfield code="b">for rapper and saxophone quartet, 1992 /</subfield>
    <subfield code="c">David Dramm ; lyrics by David Dramm.</subfield>
  </datafield>
  <datafield tag="260" ind1=" " ind2=" ">
    <subfield code="a">Amsterdam :</subfield>
    <subfield code="b">Donemus,</subfield>
    <subfield code="c">c1997</subfield>
    <subfield code="g">(1998 printing)</subfield>
  </datafield>
  <datafield tag="300" ind1=" " ind2=" ">
    <subfield code="a">1 score (13 p.) ;</subfield>
    <subfield code="c">30 cm.</subfield>
  </datafield>
  <datafield tag="650" ind1=" " ind2="0">
    <subfield code="a">Monologues with music (Saxophones (4))</subfield>
    <subfield code="v">Scores.</subfield>
  </datafield>
  <datafield tag="650" ind1=" " ind2="0">
    <subfield code="a">Rap (Music)</subfield>
  </datafield>
</record>