
<record>
  <leader>00921ccm a2200277 a 4500</leader>
  <controlfield tag="001">   00274625 </controlfield>
  <controlfield tag="003">DLC</controlfield>
  <controlfield tag="005">20001010134505.0</controlfield>
  <controlfield tag="008">000106s1998    ne cta         n    dut d</controlfield>
  <datafield tag="010" ind1=" " ind2=" ">
    <subfield code="a">   00274625 </subfield>
  </datafield>
  <datafield tag="035" ind1=" " ind2=" ">
    <subfield code="a">(OCoLC)ocm44087223</subfield>
  </datafield>
  <datafield tag="040" ind1=" " ind2=" ">
    <subfield code="a">NYP</subfield>
    <subfield code="c">NYP</subfield>
    <subfield code="d">DLC</subfield>
  </datafield>
  <datafield tag="042" ind1=" " ind2=" ">
    <subfield code="a">lccopycat</subfield>
  </datafield>
  <datafield tag="050" ind1="0" ind2="0">
    <subfield code="a">M2021.Z9</subfield>
    <subfield code="b">J49 1998</subfield>
  </datafield>
  <datafield tag="100" ind1="1" ind2=" ">
    <subfield code="a">Zwart, Jan,</subfield>
    <subfield code="d">1877-1937.</subfield>
  </datafield>
  <datafield tag="240" ind1="1" ind2="0">
    <subfield code="a">Jezus uw geboortefeest</subfield>
  </datafield>
  <datafield tag="245" ind1="1" ind2="0">
    <subfield code="a">Cantate &quot;Jezus uw geboortefeest&quot; :</subfield>
    <subfield code="b">voor tenor, kinderkoor, gemengd koor, strijkorkest en orgel, 1910 /</subfield>
    <subfield code="c">Jan Zwart.</subfield>
  </datafield>
  <datafield tag="246" ind1="3" ind2="0">
    <subfield code="a">Jezus uw geboortefeest</subfield>
  </datafield>
  <datafield tag="260" ind1=" " ind2=" ">
    <subfield code="a">Amsterdam :</subfield>
    <subfield code="b">Donemus,</subfield>
    <subfield code="c">c1998.</subfield>
  </datafield>
  <datafield tag="300" ind1=" " ind2=" ">
    <subfield code="a">1 score (3 p.) ;</subfield>
    <subfield code="c">30 x 42 cm.</subfield>
  </datafield>
  <datafield tag="306" ind1=" " ind2=" ">
    <subfield code="a">001200</subfield>
  </datafield>
  <datafield tag="500" ind1=" " ind2=" ">
    <subfield code="a">For tenor, children&apos;s chorus, chorus (SATB), string orchestra, and organ.</subfield>
  </datafield>
  <datafield tag="500" ind1=" " ind2=" ">
    <subfield code="a">Duration: ca. 12:00.</subfield>
  </datafield>
  <datafield tag="500" ind1=" " ind2=" ">
    <subfield code="a">&quot;Archive copy, facsimile&quot;--Cover.</subfield>
  </datafield>
  <datafield tag="650" ind1=" " ind2="0">
    <subfield code="a">Cantatas, Sacred</subfield>
    <subfield code="v">Scores.</subfield>
  </datafield>
  <datafield tag="650" ind1=" " ind2="0">
    <subfield code="a">Christmas music.</subfield>
  </datafield>
</record>