
<record>
  <leader>01130ccm a2200301 a 4500</leader>
  <controlfield tag="001">   00274626 </controlfield>
  <controlfield tag="003">DLC</controlfield>
  <controlfield tag="005">20010103143926.0</controlfield>
  <controlfield tag="008">991211s1997    ne uua|        nn ||swe  </controlfield>
  <datafield tag="010" ind1=" " ind2=" ">
    <subfield code="a">   00274626 </subfield>
  </datafield>
  <datafield tag="035" ind1=" " ind2=" ">
    <subfield code="a">(GyWOH)har005098564</subfield>
  </datafield>
  <datafield tag="040" ind1=" " ind2=" ">
    <subfield code="a">DLC</subfield>
    <subfield code="c">DLC</subfield>
  </datafield>
  <datafield tag="041" ind1="1" ind2=" ">
    <subfield code="a">swe</subfield>
    <subfield code="e">dutswe</subfield>
    <subfield code="h">swe</subfield>
  </datafield>
  <datafield tag="050" ind1="0" ind2="0">
    <subfield code="a">M1531.S339</subfield>
    <subfield code="b">E6 1997</subfield>
  </datafield>
  <datafield tag="100" ind1="1" ind2=" ">
    <subfield code="a">Schönberger, Elmer.</subfield>
  </datafield>
  <datafield tag="245" ind1="1" ind2="0">
    <subfield code="a">En nergens Bach =</subfield>
    <subfield code="b">(Och ingenstans Bach) : 3 gedichten van Lars Gustafsson : voor koor en ensemble, 1996-1997 /</subfield>
    <subfield code="c">Elmer Schönberger.</subfield>
  </datafield>
  <datafield tag="246" ind1="3" ind2="1">
    <subfield code="a">Och ingenstans Bach</subfield>
  </datafield>
  <datafield tag="260" ind1=" " ind2=" ">
    <subfield code="a">Amsterdam :</subfield>
    <subfield code="b">Donemus,</subfield>
    <subfield code="c">c1997</subfield>
    <subfield code="g">(1998 printing)</subfield>
  </datafield>
  <datafield tag="300" ind1=" " ind2=" ">
    <subfield code="a">1 score (56 p.) ;</subfield>
    <subfield code="c">42 cm.</subfield>
  </datafield>
  <datafield tag="306" ind1=" " ind2=" ">
    <subfield code="a">001900</subfield>
  </datafield>
  <datafield tag="546" ind1=" " ind2=" ">
    <subfield code="a">Swedish words.</subfield>
  </datafield>
  <datafield tag="500" ind1=" " ind2=" ">
    <subfield code="a">Duration: ca. 19:00.</subfield>
  </datafield>
  <datafield tag="500" ind1=" " ind2=" ">
    <subfield code="a">Words with Dutch translation printed in prefatory material.</subfield>
  </datafield>
  <datafield tag="505" ind1="0" ind2=" ">
    <subfield code="a">Om de lägsta ljuden -- Världens tystnad före Bach -- Diskussioner.</subfield>
  </datafield>
  <datafield tag="650" ind1=" " ind2="0">
    <subfield code="a">Choruses, Secular (Mixed voices) with instrumental ensemble</subfield>
    <subfield code="v">Scores.</subfield>
  </datafield>
  <datafield tag="600" ind1="1" ind2="0">
    <subfield code="a">Gustafsson, Lars,</subfield>
    <subfield code="d">1936-</subfield>
    <subfield code="v">Musical settings.</subfield>
  </datafield>
  <datafield tag="700" ind1="1" ind2=" ">
    <subfield code="a">Bach, Johann Sebastian,</subfield>
    <subfield code="d">1685-1750.</subfield>
  </datafield>
  <datafield tag="700" ind1="1" ind2=" ">
    <subfield code="a">Gustafsson, Lars,</subfield>
    <subfield code="d">1936-</subfield>
  </datafield>
</record>