
<record>
  <leader>00908ccm a22002174a 4500</leader>
  <controlfield tag="001">   00274627 </controlfield>
  <controlfield tag="003">DLC</controlfield>
  <controlfield tag="005">20001017083503.0</controlfield>
  <controlfield tag="008">991211s1998    ne uua|        nn ||     </controlfield>
  <datafield tag="010" ind1=" " ind2=" ">
    <subfield code="a">   00274627 </subfield>
  </datafield>
  <datafield tag="035" ind1=" " ind2=" ">
    <subfield code="a">(GyWOH)har005097702</subfield>
  </datafield>
  <datafield tag="040" ind1=" " ind2=" ">
    <subfield code="a">DLC</subfield>
    <subfield code="c">DLC</subfield>
  </datafield>
  <datafield tag="042" ind1=" " ind2=" ">
    <subfield code="a">pcc</subfield>
  </datafield>
  <datafield tag="050" ind1="0" ind2="0">
    <subfield code="a">M985</subfield>
    <subfield code="b">.B</subfield>
  </datafield>
  <datafield tag="100" ind1="1" ind2=" ">
    <subfield code="a">Bollen, Jan-Bas.</subfield>
  </datafield>
  <datafield tag="245" ind1="1" ind2="0">
    <subfield code="a">Zoab :</subfield>
    <subfield code="b">for 8 musicians and a DJ, 1997 /</subfield>
    <subfield code="c">Jan-Bas Bollen.</subfield>
  </datafield>
  <datafield tag="260" ind1=" " ind2=" ">
    <subfield code="a">Amsterdam :</subfield>
    <subfield code="b">Donemus,</subfield>
    <subfield code="c">c1998.</subfield>
  </datafield>
  <datafield tag="300" ind1=" " ind2=" ">
    <subfield code="a">1 score (9 p.) ;</subfield>
    <subfield code="c">42 cm.</subfield>
  </datafield>
  <datafield tag="500" ind1=" " ind2=" ">
    <subfield code="a">For violin, recorder, bass clarinet, trombone, prepared piano, synthesizer, double bass, percussion (1 player), and sampling.</subfield>
  </datafield>
  <datafield tag="500" ind1=" " ind2=" ">
    <subfield code="a">&quot;D.J. (producing the pitches in the score via sampling. Samples, among which there are text fragments, are provided by the composer)&quot;--T.p. verso.</subfield>
  </datafield>
  <datafield tag="650" ind1=" " ind2="0">
    <subfield code="a">Nonets (Piano, clarinet, recorder, trombone, percussion, sampler, synthesizer, violin, double bass)</subfield>
    <subfield code="v">Scores.</subfield>
  </datafield>
</record>