
<record>
  <leader>00963ccm a22002174a 4500</leader>
  <controlfield tag="001">   00274628 </controlfield>
  <controlfield tag="003">DLC</controlfield>
  <controlfield tag="005">20010719095908.0</controlfield>
  <controlfield tag="008">991211s1997    ne sga|  dh    n  ||eng  </controlfield>
  <datafield tag="010" ind1=" " ind2=" ">
    <subfield code="a">   00274628 </subfield>
  </datafield>
  <datafield tag="035" ind1=" " ind2=" ">
    <subfield code="a">(GyWOH)har005098700</subfield>
  </datafield>
  <datafield tag="040" ind1=" " ind2=" ">
    <subfield code="a">DLC</subfield>
    <subfield code="c">DLC</subfield>
  </datafield>
  <datafield tag="042" ind1=" " ind2=" ">
    <subfield code="a">pcc</subfield>
  </datafield>
  <datafield tag="050" ind1="0" ind2="0">
    <subfield code="a">M1613.3.D74</subfield>
    <subfield code="b">H5 1997</subfield>
  </datafield>
  <datafield tag="100" ind1="1" ind2=" ">
    <subfield code="a">Dramm, David,</subfield>
    <subfield code="d">1961-</subfield>
  </datafield>
  <datafield tag="245" ind1="1" ind2="0">
    <subfield code="a">High octane :</subfield>
    <subfield code="b">for voice and ensemble (both amplified), 1997 /</subfield>
    <subfield code="c">David Dramm ; on words by the composer.</subfield>
  </datafield>
  <datafield tag="260" ind1=" " ind2=" ">
    <subfield code="a">Amsterdam :</subfield>
    <subfield code="b">Donemus,</subfield>
    <subfield code="c">c1997</subfield>
    <subfield code="g">(1998 printing)</subfield>
  </datafield>
  <datafield tag="300" ind1=" " ind2=" ">
    <subfield code="a">1 score (137 p.) ;</subfield>
    <subfield code="c">42 cm.</subfield>
  </datafield>
  <datafield tag="500" ind1=" " ind2=" ">
    <subfield code="a">For high voice with flute/piccolo, oboe, B♭ clarinet/E♭ clarinet, bass clarinet/B♭ clarinet, bassoon, F horn, B♭ trumpet/flügelhorn, trombone, tuba, percussion, harp, piano/synthesizer, bass guitar, 2 violins, viola, violoncello, and double bass.</subfield>
  </datafield>
  <datafield tag="505" ind1="0" ind2=" ">
    <subfield code="a">Transport -- Space cowboy -- Speed of light.</subfield>
  </datafield>
  <datafield tag="650" ind1=" " ind2="0">
    <subfield code="a">Songs (High voice) with instrumental ensemble</subfield>
    <subfield code="v">Scores.</subfield>
  </datafield>
</record>