
<record>
  <leader>00923ccm a22002654a 4500</leader>
  <controlfield tag="001">   00274629 </controlfield>
  <controlfield tag="003">DLC</controlfield>
  <controlfield tag="005">20130524080913.0</controlfield>
  <controlfield tag="008">991211s1998    ne uua|        n  ||     </controlfield>
  <datafield tag="010" ind1=" " ind2=" ">
    <subfield code="a">   00274629 </subfield>
  </datafield>
  <datafield tag="035" ind1=" " ind2=" ">
    <subfield code="a">(GyWOH)har005098779</subfield>
  </datafield>
  <datafield tag="040" ind1=" " ind2=" ">
    <subfield code="a">DLC</subfield>
    <subfield code="c">DLC</subfield>
  </datafield>
  <datafield tag="042" ind1=" " ind2=" ">
    <subfield code="a">pcc</subfield>
  </datafield>
  <datafield tag="050" ind1="0" ind2="0">
    <subfield code="a">M322.C66</subfield>
    <subfield code="b">G5 1998</subfield>
  </datafield>
  <datafield tag="100" ind1="1" ind2=" ">
    <subfield code="a">Clements, Dominy.</subfield>
  </datafield>
  <datafield tag="245" ind1="1" ind2="0">
    <subfield code="a">Giggibus, The pemtrithone deletions, Yew :</subfield>
    <subfield code="b">triptych for flute, violoncello, and piano, 1997 /</subfield>
    <subfield code="c">Dominy Clements.</subfield>
  </datafield>
  <datafield tag="246" ind1="3" ind2="0">
    <subfield code="a">Giggibus</subfield>
  </datafield>
  <datafield tag="246" ind1="3" ind2="0">
    <subfield code="a">Pemtrithone deletions</subfield>
  </datafield>
  <datafield tag="246" ind1="3" ind2="0">
    <subfield code="a">Yew</subfield>
  </datafield>
  <datafield tag="260" ind1=" " ind2=" ">
    <subfield code="a">Amsterdam :</subfield>
    <subfield code="b">Donemus,</subfield>
    <subfield code="c">c1998.</subfield>
  </datafield>
  <datafield tag="300" ind1=" " ind2=" ">
    <subfield code="a">1 score (9 p.) ;</subfield>
    <subfield code="c">30 x 42 cm.</subfield>
  </datafield>
  <datafield tag="500" ind1=" " ind2=" ">
    <subfield code="a">&quot;This triptych has been written to be performed as a whole, individually, or combined 1 &amp; 2, 1 &amp; 3, 2 &amp; 3&quot;--P. [1].</subfield>
  </datafield>
  <datafield tag="650" ind1=" " ind2="0">
    <subfield code="a">Trios (Piano, flute, cello)</subfield>
    <subfield code="v">Scores.</subfield>
  </datafield>
  <datafield tag="650" ind1=" " ind2="0">
    <subfield code="a">Music</subfield>
    <subfield code="v">Manuscripts</subfield>
    <subfield code="v">Facsimiles.</subfield>
  </datafield>
  <datafield tag="600" ind1="1" ind2="0">
    <subfield code="a">Clements, Dominy</subfield>
    <subfield code="v">Manuscripts</subfield>
    <subfield code="v">Facsimiles.</subfield>
  </datafield>
</record>