
<record>
  <leader>00767ccm a2200253 a 4500</leader>
  <controlfield tag="001">   00275100 </controlfield>
  <controlfield tag="003">DLC</controlfield>
  <controlfield tag="005">20001226093411.0</controlfield>
  <controlfield tag="008">970703s1995    gw uua   ehi   n        d</controlfield>
  <datafield tag="010" ind1=" " ind2=" ">
    <subfield code="a">   00275100 </subfield>
  </datafield>
  <datafield tag="024" ind1="2" ind2=" ">
    <subfield code="a">M203423027</subfield>
  </datafield>
  <datafield tag="028" ind1="3" ind2="2">
    <subfield code="a">FH 2302</subfield>
    <subfield code="b">F. Hofmeister</subfield>
  </datafield>
  <datafield tag="035" ind1=" " ind2=" ">
    <subfield code="a">(OCoLC)ocm37238768</subfield>
  </datafield>
  <datafield tag="040" ind1=" " ind2=" ">
    <subfield code="a">KOM</subfield>
    <subfield code="c">KOM</subfield>
    <subfield code="d">OCL</subfield>
    <subfield code="d">CIN</subfield>
    <subfield code="d">DLC</subfield>
  </datafield>
  <datafield tag="041" ind1="0" ind2=" ">
    <subfield code="g">engger</subfield>
  </datafield>
  <datafield tag="042" ind1=" " ind2=" ">
    <subfield code="a">lccopycat</subfield>
  </datafield>
  <datafield tag="048" ind1=" " ind2=" ">
    <subfield code="a">wb01</subfield>
    <subfield code="a">ka01</subfield>
  </datafield>
  <datafield tag="050" ind1="0" ind2="0">
    <subfield code="a">M246</subfield>
    <subfield code="b">.E</subfield>
  </datafield>
  <datafield tag="100" ind1="1" ind2=" ">
    <subfield code="a">Eben, Petr.</subfield>
  </datafield>
  <datafield tag="245" ind1="1" ind2="0">
    <subfield code="a">Amoroso :</subfield>
    <subfield code="b">für Oboe und Klavier /</subfield>
    <subfield code="c">Petr Eben.</subfield>
  </datafield>
  <datafield tag="260" ind1=" " ind2=" ">
    <subfield code="a">Hofheim :</subfield>
    <subfield code="b">F. Hofmeister,</subfield>
    <subfield code="c">c1995.</subfield>
  </datafield>
  <datafield tag="300" ind1=" " ind2=" ">
    <subfield code="a">1 score (9 p.) + 1 part (5 p.) ;</subfield>
    <subfield code="c">30 cm.</subfield>
  </datafield>
  <datafield tag="500" ind1=" " ind2=" ">
    <subfield code="a">Program notes on the composer and the work in English and German, p. [2-3].</subfield>
  </datafield>
  <datafield tag="650" ind1=" " ind2="0">
    <subfield code="a">Oboe and piano music</subfield>
    <subfield code="v">Scores and parts.</subfield>
  </datafield>
</record>