
<record>
  <leader>00658ccm a22002174a 4500</leader>
  <controlfield tag="001">   00275101 </controlfield>
  <controlfield tag="003">DLC</controlfield>
  <controlfield tag="005">20001026111835.0</controlfield>
  <controlfield tag="008">000107s1998    gw uua         n         </controlfield>
  <datafield tag="010" ind1=" " ind2=" ">
    <subfield code="a">   00275101 </subfield>
  </datafield>
  <datafield tag="024" ind1="2" ind2=" ">
    <subfield code="a">M202005613</subfield>
  </datafield>
  <datafield tag="028" ind1="2" ind2="2">
    <subfield code="a">E.D. 98561</subfield>
    <subfield code="b">Edition Dohr</subfield>
  </datafield>
  <datafield tag="040" ind1=" " ind2=" ">
    <subfield code="a">DLC</subfield>
    <subfield code="c">DLC</subfield>
  </datafield>
  <datafield tag="042" ind1=" " ind2=" ">
    <subfield code="a">pcc</subfield>
  </datafield>
  <datafield tag="050" ind1="0" ind2="0">
    <subfield code="a">M452.D76</subfield>
    <subfield code="b">W5 1998</subfield>
  </datafield>
  <datafield tag="100" ind1="1" ind2=" ">
    <subfield code="a">Dragicevic, Sascha Janko,</subfield>
    <subfield code="d">1969-</subfield>
  </datafield>
  <datafield tag="245" ind1="1" ind2="0">
    <subfield code="a">Windschatten :</subfield>
    <subfield code="b">I. Version : für Streichquartett /</subfield>
    <subfield code="c">Sascha Janko Dragicevic.</subfield>
  </datafield>
  <datafield tag="254" ind1=" " ind2=" ">
    <subfield code="a">Partitur und Stimmen.</subfield>
  </datafield>
  <datafield tag="260" ind1=" " ind2=" ">
    <subfield code="a">Köln :</subfield>
    <subfield code="b">Edition Dohr,</subfield>
    <subfield code="c">c1998.</subfield>
  </datafield>
  <datafield tag="300" ind1=" " ind2=" ">
    <subfield code="a">1 score (26 p.) + 4 parts ;</subfield>
    <subfield code="c">30 cm.</subfield>
  </datafield>
  <datafield tag="650" ind1=" " ind2="0">
    <subfield code="a">String quartets</subfield>
    <subfield code="v">Scores and parts.</subfield>
  </datafield>
</record>