
<record>
  <leader>01015ccm a2200313 a 4500</leader>
  <controlfield tag="001">   00275105 </controlfield>
  <controlfield tag="003">DLC</controlfield>
  <controlfield tag="005">20001019093529.0</controlfield>
  <controlfield tag="008">000106s1998    gw uua   hi    n        d</controlfield>
  <datafield tag="010" ind1=" " ind2=" ">
    <subfield code="a">   00275105 </subfield>
  </datafield>
  <datafield tag="024" ind1="2" ind2=" ">
    <subfield code="a">M202005521</subfield>
  </datafield>
  <datafield tag="028" ind1="3" ind2="0">
    <subfield code="a">98552</subfield>
    <subfield code="b">Edition Dohr</subfield>
  </datafield>
  <datafield tag="028" ind1="2" ind2="2">
    <subfield code="a">E.D. 98552</subfield>
    <subfield code="b">Edition Dohr</subfield>
  </datafield>
  <datafield tag="035" ind1=" " ind2=" ">
    <subfield code="a">(OCoLC)ocm43190351</subfield>
  </datafield>
  <datafield tag="040" ind1=" " ind2=" ">
    <subfield code="a">CIN</subfield>
    <subfield code="c">CIN</subfield>
    <subfield code="d">DLC</subfield>
  </datafield>
  <datafield tag="042" ind1=" " ind2=" ">
    <subfield code="a">lccopycat</subfield>
  </datafield>
  <datafield tag="050" ind1="0" ind2="0">
    <subfield code="a">M452.4.B39</subfield>
    <subfield code="b">P6 1998</subfield>
  </datafield>
  <datafield tag="100" ind1="1" ind2=" ">
    <subfield code="a">Baur, Jürg.</subfield>
  </datafield>
  <datafield tag="240" ind1="1" ind2="0">
    <subfield code="a">Polyphone Miniaturen</subfield>
  </datafield>
  <datafield tag="245" ind1="1" ind2="0">
    <subfield code="a">Fünf polyphone Miniaturen :</subfield>
    <subfield code="b">(1998) : für Bratschenquartett oder Violenquartett /</subfield>
    <subfield code="c">Jürg Baur.</subfield>
  </datafield>
  <datafield tag="246" ind1="3" ind2=" ">
    <subfield code="a">5 polyphone Miniaturen</subfield>
  </datafield>
  <datafield tag="246" ind1="3" ind2="0">
    <subfield code="a">Polyphone Miniaturen</subfield>
  </datafield>
  <datafield tag="254" ind1=" " ind2=" ">
    <subfield code="a">Partitur und Stimmen.</subfield>
  </datafield>
  <datafield tag="260" ind1=" " ind2=" ">
    <subfield code="a">Köln :</subfield>
    <subfield code="b">Edition Dohr,</subfield>
    <subfield code="c">c1998.</subfield>
  </datafield>
  <datafield tag="300" ind1=" " ind2=" ">
    <subfield code="a">1 score (21 p.) + 4 parts ;</subfield>
    <subfield code="c">30 cm.</subfield>
  </datafield>
  <datafield tag="500" ind1=" " ind2=" ">
    <subfield code="a">Cover title.</subfield>
  </datafield>
  <datafield tag="500" ind1=" " ind2=" ">
    <subfield code="a">Publisher&apos;s no.: Edition Dohr 98552.</subfield>
  </datafield>
  <datafield tag="650" ind1=" " ind2="0">
    <subfield code="a">String quartets (Violas (4))</subfield>
    <subfield code="v">Scores and parts.</subfield>
  </datafield>
  <datafield tag="650" ind1=" " ind2="0">
    <subfield code="a">String quartets (Viols (4))</subfield>
    <subfield code="v">Scores and parts.</subfield>
  </datafield>
</record>