
<record>
  <leader>01034ccm a2200325 a 4500</leader>
  <controlfield tag="001">   00275108 </controlfield>
  <controlfield tag="003">DLC</controlfield>
  <controlfield tag="005">20001012070644.0</controlfield>
  <controlfield tag="008">000103s1999    gw ftz   hi    n        d</controlfield>
  <datafield tag="010" ind1=" " ind2=" ">
    <subfield code="a">   00275108 </subfield>
  </datafield>
  <datafield tag="024" ind1="2" ind2=" ">
    <subfield code="a">M202006375</subfield>
  </datafield>
  <datafield tag="028" ind1="2" ind2="2">
    <subfield code="a">E.D. 99637</subfield>
    <subfield code="b">Edition Dohr</subfield>
  </datafield>
  <datafield tag="028" ind1="3" ind2="0">
    <subfield code="a">99637</subfield>
    <subfield code="b">Edition Dohr</subfield>
  </datafield>
  <datafield tag="035" ind1=" " ind2=" ">
    <subfield code="a">(OCoLC)ocm43118555</subfield>
  </datafield>
  <datafield tag="040" ind1=" " ind2=" ">
    <subfield code="a">CIN</subfield>
    <subfield code="c">CIN</subfield>
    <subfield code="d">DLC</subfield>
  </datafield>
  <datafield tag="041" ind1="0" ind2=" ">
    <subfield code="g">engger</subfield>
    <subfield code="h">ger</subfield>
  </datafield>
  <datafield tag="042" ind1=" " ind2=" ">
    <subfield code="a">lccopycat</subfield>
  </datafield>
  <datafield tag="050" ind1="0" ind2="0">
    <subfield code="a">M117</subfield>
    <subfield code="b">.S</subfield>
  </datafield>
  <datafield tag="100" ind1="1" ind2=" ">
    <subfield code="a">Spohr, Louis,</subfield>
    <subfield code="d">1784-1859.</subfield>
  </datafield>
  <datafield tag="240" ind1="1" ind2="0">
    <subfield code="a">Fantasien,</subfield>
    <subfield code="m">harp,</subfield>
    <subfield code="n">op. 35,</subfield>
    <subfield code="r">C minor</subfield>
  </datafield>
  <datafield tag="245" ind1="0" ind2="0">
    <subfield code="a">Fantasie c-moll, op. 35, (1807) für Harfe solo /</subfield>
    <subfield code="c">[Louis Spohr].</subfield>
  </datafield>
  <datafield tag="260" ind1=" " ind2=" ">
    <subfield code="a">Köln :</subfield>
    <subfield code="b">Edition Dohr,</subfield>
    <subfield code="c">c1999.</subfield>
  </datafield>
  <datafield tag="300" ind1=" " ind2=" ">
    <subfield code="a">11 p. of music ;</subfield>
    <subfield code="c">32 cm.</subfield>
  </datafield>
  <datafield tag="490" ind1="1" ind2=" ">
    <subfield code="a">Werke für Harfe / Louis Spohr</subfield>
  </datafield>
  <datafield tag="500" ind1=" " ind2=" ">
    <subfield code="a">Edited by Helga Storck.</subfield>
  </datafield>
  <datafield tag="500" ind1=" " ind2=" ">
    <subfield code="a">Pref. in German with English translation.</subfield>
  </datafield>
  <datafield tag="500" ind1=" " ind2=" ">
    <subfield code="a">Publisher&apos;s no.: Edition Dohr 99637.</subfield>
  </datafield>
  <datafield tag="650" ind1=" " ind2="0">
    <subfield code="a">Harp music.</subfield>
  </datafield>
  <datafield tag="700" ind1="1" ind2=" ">
    <subfield code="a">Storck, Helga.</subfield>
  </datafield>
  <datafield tag="800" ind1="1" ind2=" ">
    <subfield code="a">Spohr, Louis,</subfield>
    <subfield code="d">1784-1859.</subfield>
    <subfield code="t">Instrumental music.</subfield>
    <subfield code="k">Selections (Storck)</subfield>
  </datafield>
</record>