
<record>
  <leader>00768ccm a22002414a 4500</leader>
  <controlfield tag="001">   00275111 </controlfield>
  <controlfield tag="003">DLC</controlfield>
  <controlfield tag="005">20130524080922.0</controlfield>
  <controlfield tag="008">000107s1998    gw uuc         n         </controlfield>
  <datafield tag="010" ind1=" " ind2=" ">
    <subfield code="a">   00275111 </subfield>
  </datafield>
  <datafield tag="024" ind1="2" ind2=" ">
    <subfield code="a">M202005651</subfield>
  </datafield>
  <datafield tag="028" ind1="2" ind2="2">
    <subfield code="a">E.D. 98565</subfield>
    <subfield code="b">Edition Dohr</subfield>
  </datafield>
  <datafield tag="040" ind1=" " ind2=" ">
    <subfield code="a">DLC</subfield>
    <subfield code="c">DLC</subfield>
    <subfield code="d">DLC</subfield>
  </datafield>
  <datafield tag="042" ind1=" " ind2=" ">
    <subfield code="a">pcc</subfield>
  </datafield>
  <datafield tag="050" ind1="0" ind2="0">
    <subfield code="a">M1025</subfield>
    <subfield code="b">.S44 op. 41 1998</subfield>
  </datafield>
  <datafield tag="100" ind1="1" ind2=" ">
    <subfield code="a">Sehlbach, Erich,</subfield>
    <subfield code="d">1898-1985.</subfield>
  </datafield>
  <datafield tag="240" ind1="1" ind2="0">
    <subfield code="a">Music,</subfield>
    <subfield code="m">clarinet, orchestra,</subfield>
    <subfield code="n">op. 41;</subfield>
    <subfield code="o">arranged</subfield>
  </datafield>
  <datafield tag="245" ind1="1" ind2="0">
    <subfield code="a">Musik für Klarinette und Orchester, op. 41 (1942) /</subfield>
    <subfield code="c">Erich Sehlbach.</subfield>
  </datafield>
  <datafield tag="250" ind1=" " ind2=" ">
    <subfield code="a">1. Aufl.</subfield>
  </datafield>
  <datafield tag="254" ind1=" " ind2=" ">
    <subfield code="a">Klavierauszug und Solostimme.</subfield>
  </datafield>
  <datafield tag="260" ind1=" " ind2=" ">
    <subfield code="a">Köln :</subfield>
    <subfield code="b">Edition Dohr,</subfield>
    <subfield code="c">c1998.</subfield>
  </datafield>
  <datafield tag="300" ind1=" " ind2=" ">
    <subfield code="a">1 score (31 p.) + 1 part (10 p.) ;</subfield>
    <subfield code="c">30 cm.</subfield>
  </datafield>
  <datafield tag="650" ind1=" " ind2="0">
    <subfield code="a">Clarinet with orchestra</subfield>
    <subfield code="v">Solo with piano.</subfield>
  </datafield>
</record>