
<record>
  <leader>00658ccm a2200241 a 4500</leader>
  <controlfield tag="001">   00275112 </controlfield>
  <controlfield tag="003">DLC</controlfield>
  <controlfield tag="005">20001012080057.0</controlfield>
  <controlfield tag="008">000107t19991994gw uuz         nn        </controlfield>
  <datafield tag="010" ind1=" " ind2=" ">
    <subfield code="a">   00275112 </subfield>
  </datafield>
  <datafield tag="024" ind1="2" ind2=" ">
    <subfield code="a">M202001684</subfield>
  </datafield>
  <datafield tag="028" ind1="2" ind2="2">
    <subfield code="a">E.D. 94168</subfield>
    <subfield code="b">Dohr</subfield>
  </datafield>
  <datafield tag="040" ind1=" " ind2=" ">
    <subfield code="a">DLC</subfield>
    <subfield code="c">DLC</subfield>
    <subfield code="d">DLC</subfield>
  </datafield>
  <datafield tag="042" ind1=" " ind2=" ">
    <subfield code="a">pcc</subfield>
  </datafield>
  <datafield tag="050" ind1="0" ind2="0">
    <subfield code="a">M25</subfield>
    <subfield code="b">.B</subfield>
  </datafield>
  <datafield tag="100" ind1="1" ind2=" ">
    <subfield code="a">Bares, Peter,</subfield>
    <subfield code="d">1936-</subfield>
  </datafield>
  <datafield tag="240" ind1="1" ind2="0">
    <subfield code="a">Miniaturen</subfield>
  </datafield>
  <datafield tag="245" ind1="1" ind2="0">
    <subfield code="a">12 Miniaturen :</subfield>
    <subfield code="b">op. 1655 (1988) : für Tasteninstrument /</subfield>
    <subfield code="c">Peter Bares.</subfield>
  </datafield>
  <datafield tag="246" ind1="3" ind2=" ">
    <subfield code="a">Zwölf Minaturen</subfield>
  </datafield>
  <datafield tag="246" ind1="3" ind2="0">
    <subfield code="a">Minaturen</subfield>
  </datafield>
  <datafield tag="260" ind1=" " ind2=" ">
    <subfield code="a">Köln :</subfield>
    <subfield code="b">Dohr,</subfield>
    <subfield code="c">[1999], c1994.</subfield>
  </datafield>
  <datafield tag="300" ind1=" " ind2=" ">
    <subfield code="a">10 p. of music ;</subfield>
    <subfield code="c">30 cm.</subfield>
  </datafield>
  <datafield tag="650" ind1=" " ind2="0">
    <subfield code="a">Keyboard instrument music.</subfield>
  </datafield>
</record>