
<record>
  <leader>00782ccm a22002654a 4500</leader>
  <controlfield tag="001">   00275113 </controlfield>
  <controlfield tag="003">DLC</controlfield>
  <controlfield tag="005">20071011080441.0</controlfield>
  <controlfield tag="008">000107s1998    gw uuz   ei    n         </controlfield>
  <datafield tag="010" ind1=" " ind2=" ">
    <subfield code="a">   00275113 </subfield>
  </datafield>
  <datafield tag="024" ind1="2" ind2=" ">
    <subfield code="a">M203421573</subfield>
  </datafield>
  <datafield tag="028" ind1="3" ind2="2">
    <subfield code="a">FH 2157</subfield>
    <subfield code="b">F. Hofmeister</subfield>
  </datafield>
  <datafield tag="040" ind1=" " ind2=" ">
    <subfield code="a">DLC</subfield>
    <subfield code="c">DLC</subfield>
    <subfield code="d">DLC</subfield>
  </datafield>
  <datafield tag="041" ind1="0" ind2=" ">
    <subfield code="g">ger</subfield>
  </datafield>
  <datafield tag="042" ind1=" " ind2=" ">
    <subfield code="a">pcc</subfield>
  </datafield>
  <datafield tag="050" ind1="0" ind2="0">
    <subfield code="a">M117</subfield>
    <subfield code="b">.S</subfield>
  </datafield>
  <datafield tag="100" ind1="1" ind2=" ">
    <subfield code="a">Schwaen, Kurt,</subfield>
    <subfield code="d">1909-2007.</subfield>
  </datafield>
  <datafield tag="240" ind1="1" ind2="0">
    <subfield code="a">Pezzi,</subfield>
    <subfield code="m">harp</subfield>
  </datafield>
  <datafield tag="245" ind1="0" ind2="0">
    <subfield code="a">Tre pezzi per arpa /</subfield>
    <subfield code="c">Kurt Schwaen ; herausgegeben von Katharina Hanstedt.</subfield>
  </datafield>
  <datafield tag="260" ind1=" " ind2=" ">
    <subfield code="a">Hofheim :</subfield>
    <subfield code="b">F. Hofmeister,</subfield>
    <subfield code="c">c1998.</subfield>
  </datafield>
  <datafield tag="300" ind1=" " ind2=" ">
    <subfield code="a">7 p. of music ;</subfield>
    <subfield code="c">30 cm.</subfield>
  </datafield>
  <datafield tag="500" ind1=" " ind2=" ">
    <subfield code="a">Includes biographical notes on the composer in German.</subfield>
  </datafield>
  <datafield tag="505" ind1="0" ind2=" ">
    <subfield code="a">Introduction -- Pavane -- Postludium.</subfield>
  </datafield>
  <datafield tag="650" ind1=" " ind2="0">
    <subfield code="a">Harp music.</subfield>
  </datafield>
  <datafield tag="700" ind1="1" ind2=" ">
    <subfield code="a">Hanstedt, Katharina.</subfield>
  </datafield>
</record>