
<record>
  <leader>00444ncm a22001695a 4500</leader>
  <controlfield tag="001">   00275114 </controlfield>
  <controlfield tag="003">DLC</controlfield>
  <controlfield tag="005">20000107160029.0</controlfield>
  <controlfield tag="008">000107s1999    gw uu          n         </controlfield>
  <datafield tag="010" ind1=" " ind2=" ">
    <subfield code="a">   00275114 </subfield>
  </datafield>
  <datafield tag="024" ind1="2" ind2=" ">
    <subfield code="a">M203260479</subfield>
  </datafield>
  <datafield tag="028" ind1="2" ind2="2">
    <subfield code="a">NM 2053</subfield>
    <subfield code="b">Neue Musik</subfield>
  </datafield>
  <datafield tag="040" ind1=" " ind2=" ">
    <subfield code="a">DLC</subfield>
    <subfield code="c">DLC</subfield>
  </datafield>
  <datafield tag="100" ind1="1" ind2=" ">
    <subfield code="a">Benninghoff, Ortwin.</subfield>
  </datafield>
  <datafield tag="245" ind1="1" ind2="0">
    <subfield code="a">Sonate :</subfield>
    <subfield code="b">für Viola und Cembalo /</subfield>
    <subfield code="c">Ortwin Benninghoff.</subfield>
  </datafield>
  <datafield tag="260" ind1=" " ind2=" ">
    <subfield code="a">Berlin :</subfield>
    <subfield code="b">Neue Musik,</subfield>
    <subfield code="c">c1999.</subfield>
  </datafield>
  <datafield tag="300" ind1=" " ind2=" ">
    <subfield code="a">23 p.</subfield>
  </datafield>
</record>