
<record>
  <leader>00743ncm a22001815a 4500</leader>
  <controlfield tag="001">   00275115 </controlfield>
  <controlfield tag="003">DLC</controlfield>
  <controlfield tag="005">20000107162412.0</controlfield>
  <controlfield tag="008">000107s1999    gw uu          n         </controlfield>
  <datafield tag="010" ind1=" " ind2=" ">
    <subfield code="a">   00275115 </subfield>
  </datafield>
  <datafield tag="024" ind1="2" ind2=" ">
    <subfield code="a">M200491067</subfield>
  </datafield>
  <datafield tag="028" ind1="2" ind2="2">
    <subfield code="a">DVfM 9526</subfield>
    <subfield code="b">Deutscher Verlag für Musik</subfield>
  </datafield>
  <datafield tag="040" ind1=" " ind2=" ">
    <subfield code="a">DLC</subfield>
    <subfield code="c">DLC</subfield>
  </datafield>
  <datafield tag="100" ind1="1" ind2=" ">
    <subfield code="a">Montéclair, Michel Pinolet de.</subfield>
  </datafield>
  <datafield tag="245" ind1="1" ind2="0">
    <subfield code="a">Europe :</subfield>
    <subfield code="b">Cantate `a voix seule avec un violon ou une fl^ute et basse continue = Kantate für Singstimme, Violine oder Flöte und Basso continuo = Cantata for voice, violin or flute and basso continuo /</subfield>
    <subfield code="c">Michel Pinolet de Montéclair ; éditée par Jürgen Trinkewitz.</subfield>
  </datafield>
  <datafield tag="250" ind1=" " ind2=" ">
    <subfield code="a">Premi`ere ed.</subfield>
  </datafield>
  <datafield tag="260" ind1=" " ind2=" ">
    <subfield code="a">Leipzig :</subfield>
    <subfield code="b">Deutscher Verlag für Musik,</subfield>
    <subfield code="c">c1999.</subfield>
  </datafield>
  <datafield tag="300" ind1=" " ind2=" ">
    <subfield code="a">25 p.</subfield>
  </datafield>
</record>