
<record>
  <leader>00499ccm a22001815a 4500</leader>
  <controlfield tag="001">   00275118 </controlfield>
  <controlfield tag="003">DLC</controlfield>
  <controlfield tag="005">20000113105228.0</controlfield>
  <controlfield tag="008">000110s1999    gw uu          n         </controlfield>
  <datafield tag="010" ind1=" " ind2=" ">
    <subfield code="a">   00275118 </subfield>
  </datafield>
  <datafield tag="024" ind1="2" ind2=" ">
    <subfield code="a">M003030616</subfield>
  </datafield>
  <datafield tag="028" ind1="2" ind2="2">
    <subfield code="a">H.S. 1972</subfield>
    <subfield code="b">Sikorski</subfield>
  </datafield>
  <datafield tag="040" ind1=" " ind2=" ">
    <subfield code="a">DLC</subfield>
    <subfield code="c">DLC</subfield>
  </datafield>
  <datafield tag="100" ind1="1" ind2=" ">
    <subfield code="a">Ustwolskaja, Galina.</subfield>
  </datafield>
  <datafield tag="245" ind1="1" ind2="0">
    <subfield code="a">Sinfonie nr. 4 /</subfield>
    <subfield code="c">Galina Ustwolskaja = Symphonty no. 4 / Galina Ustvolskaya.</subfield>
  </datafield>
  <datafield tag="260" ind1=" " ind2=" ">
    <subfield code="a">Hamburg :</subfield>
    <subfield code="b">Sikorski,</subfield>
    <subfield code="c">c1999.</subfield>
  </datafield>
  <datafield tag="300" ind1=" " ind2=" ">
    <subfield code="a">15 p.</subfield>
  </datafield>
  <datafield tag="440" ind1=" " ind2="0">
    <subfield code="a">exempla nova ;</subfield>
    <subfield code="v">272</subfield>
  </datafield>
</record>