
<record>
  <leader>01333ccm a22003254a 4500</leader>
  <controlfield tag="001">   00275119 </controlfield>
  <controlfield tag="003">DLC</controlfield>
  <controlfield tag="005">20010130164648.0</controlfield>
  <controlfield tag="008">000107s1999    gw vra   hi    n        d</controlfield>
  <datafield tag="010" ind1=" " ind2=" ">
    <subfield code="a">   00275119 </subfield>
  </datafield>
  <datafield tag="024" ind1="2" ind2=" ">
    <subfield code="a">M004180747</subfield>
  </datafield>
  <datafield tag="028" ind1="2" ind2="0">
    <subfield code="a">EB 8686</subfield>
    <subfield code="b">Breitkopf &amp; Härtel</subfield>
  </datafield>
  <datafield tag="028" ind1="3" ind2="0">
    <subfield code="a">8686</subfield>
    <subfield code="b">Edition Breitkopf</subfield>
  </datafield>
  <datafield tag="035" ind1=" " ind2=" ">
    <subfield code="a">(OCoLC)ocm43210704</subfield>
  </datafield>
  <datafield tag="040" ind1=" " ind2=" ">
    <subfield code="a">CIN</subfield>
    <subfield code="c">CIN</subfield>
    <subfield code="d">DLC</subfield>
  </datafield>
  <datafield tag="041" ind1="0" ind2=" ">
    <subfield code="g">gereng</subfield>
  </datafield>
  <datafield tag="042" ind1=" " ind2=" ">
    <subfield code="a">pcc</subfield>
  </datafield>
  <datafield tag="050" ind1="0" ind2="0">
    <subfield code="a">M220</subfield>
    <subfield code="b">.B96 op. 22 1999</subfield>
  </datafield>
  <datafield tag="100" ind1="1" ind2=" ">
    <subfield code="a">Busoni, Ferruccio,</subfield>
    <subfield code="d">1866-1924.</subfield>
  </datafield>
  <datafield tag="245" ind1="0" ind2="0">
    <subfield code="a">Variationen über ein Minnesängerlied aus dem 13. Jahrhundert :</subfield>
    <subfield code="b">für Violine und Klavier, op. 22, Busoni Verz. 112 = Variations on a Minnesinger Lied from the 13th century : for violin and piano /</subfield>
    <subfield code="c">Ferruccio Busoni ; herausgegeben von Joachim Draheim.</subfield>
  </datafield>
  <datafield tag="246" ind1="3" ind2="1">
    <subfield code="a">Variations on a Minnesinger Lied from the 13th century</subfield>
  </datafield>
  <datafield tag="250" ind1=" " ind2=" ">
    <subfield code="a">Erstdruck.</subfield>
  </datafield>
  <datafield tag="260" ind1=" " ind2=" ">
    <subfield code="a">Wiesbaden :</subfield>
    <subfield code="b">Breitkopf &amp; Härtel,</subfield>
    <subfield code="c">c1999.</subfield>
  </datafield>
  <datafield tag="300" ind1=" " ind2=" ">
    <subfield code="a">1 score (18 p.) + 1 part (7 p.) ;</subfield>
    <subfield code="c">31 cm.</subfield>
  </datafield>
  <datafield tag="500" ind1=" " ind2=" ">
    <subfield code="a">Edited from the autograph score in the Biblioteka Jagiellońska, Cracow (Busoni-Nachlass Nr.111).</subfield>
  </datafield>
  <datafield tag="500" ind1=" " ind2=" ">
    <subfield code="a">Pref. in German and English.</subfield>
  </datafield>
  <datafield tag="500" ind1=" " ind2=" ">
    <subfield code="a">Publisher&apos;s no.: Edition Breitkopf 8686.</subfield>
  </datafield>
  <datafield tag="500" ind1=" " ind2=" ">
    <subfield code="a">Pl. no.: Breitkopf EB 8686.</subfield>
  </datafield>
  <datafield tag="650" ind1=" " ind2="0">
    <subfield code="a">Variations (Violin and piano)</subfield>
    <subfield code="v">Scores and parts.</subfield>
  </datafield>
  <datafield tag="700" ind1="1" ind2=" ">
    <subfield code="a">Draheim, Joachim.</subfield>
  </datafield>
</record>