
<record>
  <leader>01161ccm a2200289 a 4500</leader>
  <controlfield tag="001">   00275120 </controlfield>
  <controlfield tag="003">DLC</controlfield>
  <controlfield tag="005">20000531153207.0</controlfield>
  <controlfield tag="008">000110s1998    gw ctc   ei    n    est  </controlfield>
  <datafield tag="010" ind1=" " ind2=" ">
    <subfield code="a">   00275120 </subfield>
  </datafield>
  <datafield tag="024" ind1="2" ind2=" ">
    <subfield code="a">M202430804</subfield>
  </datafield>
  <datafield tag="028" ind1="3" ind2="2">
    <subfield code="a">3080</subfield>
    <subfield code="b">Eres</subfield>
  </datafield>
  <datafield tag="040" ind1=" " ind2=" ">
    <subfield code="a">DLC</subfield>
    <subfield code="c">DLC</subfield>
  </datafield>
  <datafield tag="050" ind1="0" ind2="0">
    <subfield code="a">M1533.K182</subfield>
    <subfield code="b">P24 1998</subfield>
  </datafield>
  <datafield tag="100" ind1="1" ind2=" ">
    <subfield code="a">Kapp, Artur,</subfield>
    <subfield code="d">1878-1952.</subfield>
  </datafield>
  <datafield tag="240" ind1="1" ind2="0">
    <subfield code="a">Päikesele.</subfield>
    <subfield code="s">Vocal score.</subfield>
    <subfield code="l">German &amp; Estonian.</subfield>
  </datafield>
  <datafield tag="245" ind1="1" ind2="0">
    <subfield code="a">An die Sonne :</subfield>
    <subfield code="b">Kantate für Tenor, Gemischten- und Männerchor, Orgel und Orchester = Päikesele : Kantaat tenorile, sega-ja meeskoorile, orelile ja orkestrile /</subfield>
    <subfield code="c">Artur Kapp ; Text, Mihkel Veske ; Deutsche Übersetzung, Heli Susi ; herausgegeben von Vardo Rumessen.</subfield>
  </datafield>
  <datafield tag="246" ind1="3" ind2="1">
    <subfield code="a">Päikesele</subfield>
  </datafield>
  <datafield tag="260" ind1=" " ind2=" ">
    <subfield code="a">Lilienthal/Bremen :</subfield>
    <subfield code="b">Eres,</subfield>
    <subfield code="c">c1998.</subfield>
  </datafield>
  <datafield tag="300" ind1=" " ind2=" ">
    <subfield code="a">1 vocal score (39 p.) :</subfield>
    <subfield code="b">1 port. ;</subfield>
    <subfield code="c">30 cm.</subfield>
  </datafield>
  <datafield tag="500" ind1=" " ind2=" ">
    <subfield code="a">For tenor, chorus (SATB with divisi) and piano; acc. originally for orchestra.</subfield>
  </datafield>
  <datafield tag="500" ind1=" " ind2=" ">
    <subfield code="a">Pref. in Estonian and German.</subfield>
  </datafield>
  <datafield tag="650" ind1=" " ind2="0">
    <subfield code="a">Cantatas, Secular</subfield>
    <subfield code="v">Vocal scores with piano.</subfield>
  </datafield>
  <datafield tag="600" ind1="1" ind2="0">
    <subfield code="a">Veske, M.</subfield>
    <subfield code="v">Musical settings.</subfield>
  </datafield>
  <datafield tag="700" ind1="1" ind2=" ">
    <subfield code="a">Veske, M.</subfield>
  </datafield>
  <datafield tag="700" ind1="1" ind2=" ">
    <subfield code="a">Susi, Heli.</subfield>
    <subfield code="4">trl</subfield>
  </datafield>
  <datafield tag="700" ind1="1" ind2=" ">
    <subfield code="a">Rumessen, Vardo.</subfield>
  </datafield>
</record>